2630 4847
1835 166 1907 209 p·

166 428 378 517 „nihil
416 432 638 526 magis,
666 414 927 529 dolens,-
971 453 1168 529 quam
1213 425 1568 528 quod‘non
1595 437 1932 508 instantius
1954 435 2137 512 labo·
2179 408 2188 421 f

162 535 372 619 „ravi‚
411 549 482 601 et·
505 554 743 635 corpus
770 554 1000 601 meum
1028 553 1093 627 et
1120 535 1282 600 vires
1321 534 1449 623 eju's
1492 556 1602 611 me
1635 529 2017 626 destituunt,
2066 559 2138 614 ut

162 657 326 720 „vos
345 636 479 724 jam
510 624 974 726 depugnantes,
1022 649 1088 701 et
1109 627 1399 728 reliquos
1422 651 1810 729 prostratOS,
1860 631 2201 734 fugatos·
2241 636 2246 639 ’
2303 624 2329 641 ’

160 751 271 822 „et
318 725 674 802 trucidatos
725 753 869 798 non
926 738 1196 825 possum
1263 727 1584 823 adjuvare.
1676 733 1829 804 Scio
1887 735 2134 809 multos

160 823 527 922 moluisse,
552 845 623 898 ut
646 853 901 898 causam
918 830 1158 899 Christi
1188 846 1250 899 et
1269 830 1536 902 Lutheri
1565 834 1759 903 etiam
1775 837 1844 903 in
1858 828 2135 907 scriben-

88 1018 102 1027 υ
162 930 300 1020 „do
343 948 407 1001 et
443 927 622 1001 libris
663 946 725 999 et
766 932 1258 999 commentariis
1290 925 1684 1022 adjuvarem,
1730 929 1930 1032 idque
1958 954 2132 1008 certe

164 1028 460 1127 „felicius
492 1022 864 1129 potuissem
881 1076 916 1118 ,-
951 1052 1150 1125 quam
1199 1028 1484 1127 graculi,
1530 1031 1877 1122 Leuculae,
1927 1033 2137 1109 cuculi

163 1152 274 1222 „et
317 1154 592 1230 upupae³
694 1123 825 1198 Sed
869 1123 1173 1211 videbam
1222 1148 1286 1199 et
1325 1128 1796 1228 intelligebam,
1853 1128 1934 1203 ad
1977 1114 2137 1232 quid

161 1235 503 1327 „maxime
533 1246 792 1300 vocatus
820 1222 1051 1314 essem,
1096 1246 1167 1299 ut
1199 1250 1281 1299 e‘s
1295 1222 1372 1299 se
1386 1254 1457 1300 m
1505 1256 1546 1299 v
1565 1255 1607 1299 o
1623 1257 1667 1300 x
1695 1224 1754 1301 'c
1771 1230 1797 1302 l
1814 1259 1851 1302 a
1868 1258 1937 1303 m
1952 1258 1988 1303 a
2003 1260 2048 1303 n
2065 1260 2095 1304 s
2109 1290 2132 1321 ,

163 1329 307 1422 „ad
353 1323 812 1429 parandam
852 1330 1070 1399 viam
1112 1330 1523 1415 Domino,
1552 1348 1650 1400 ,et
1691 1330 1966 1402 rectas
2006 1327 2135 1402 fa·
2193 1347 2198 1351 ’

122 1426 551 1528 “,,εἰεειι1ειέ
606 1422 936 1499 semitas
993 1429 1151 1499 Dei
1201 1432 1510 1514 nostri,
1573 1448 1649 1500 et
1717 1435 2136 1528 aperirem

163 1530 410 1626 „ocul
432 1555 518 1601 os
570 1548 654 1600 ut
694 1523 1081 1600 viderent
1113 1552 1303 1623 prae
1328 1552 1357 1597 s
1379 1553 1414 1596 e
1435 1554 1527 1598 ns
1578 1523 1942 1614 salutare
1976 1531 2138 1601 Dei

163 1658 359 1729 „nos
378 1634 509 1714 tri,
527 1648 595 1699 et
625 1625 925 1701 videbam
954 1624 995 1698 s
1029 1631 1248 1717 iritum
1279 1622 1570 1698 sanctum
1586 1622 1835 1700 dedisse
1860 1625 2137 1703 scribam

160 1728 506 1823 „doctum,
549 1727 805 1826 linguas
837 1655 1111 1797 eruclltas
1155 1745 1217 1799 et
1241 1752 1503 1825 prorsus
1529 1732 1776 1825 igneas,
1824 1734 1911 1798 ita
1938 1748 2007 1801 ut
2036 1724 2137 1801 su-

162 1832 434 1932 „perbia
466 1822 645 1913 esset,
696 1824 746 1896 fi
774 1852 905 1924 ego
934 1824 1174 1897 vellem
1200 1847 1352 1923 post
1364 1828 1743 1917 Lutherum,
1774 1828 2143 1916 Brennum,

161 1931 424 2028 „Philip
473 1954 588 2000 um
631 1921 763 1997 esse
811 1945 875 1996 et
927 1924 1072 1997 fieri
1118 1910 1350 2024 aliquis
1388 1950 1618 2014 corvus
1661 1944 1768 1998 aut
1805 1925 2155 2026 graculus,

90 2060 96 2065 ·
163 2037 397 2128 „Scrip
430 2057 452 2100 1
478 2031 840 2128 posteriora
869 2031 1094 2097 omnia
1126 2024 1400 2112 brevius,
1441 2051 1646 2124 *quam
1680 2032 1989 2124 oportuit,
2016 2024 2139 2099 sed

162 2154 278 2225 „tu
295 2158 404 2202 ‘ex
444 2130 782 2227 praeterita
829 2129 1082 2196 visione
1112 2143 1173 2195 et
1203 2125 1471 2194 Lutheri
1497 2119 1767 2221 scriptis,
1812 2128 1926 2197 ubi
1954 2151 2138 2197 suam

162 2253 275 2328 „et
302 2228 589 2303 aliorum
631 2220 1096 2301 conscientiam
1126 2223 1546 2311 intenebris,
1579 2227 1654 2295 in
1680 2221 1909 2298 medio
1935 2222 2141 2298 infer-
2185 2238 2192 2243 ’

163 2339 280 2427 „ni
327 2334 612 2431 positam
640 2346 702 2398 et
733 2350 909 2398 nunc
933 2323 1269 2398 liberatam
1298 2321 1639 2423 depingit,
1685 2345 1931 2397 caetera
1956 2330 2139 2414 aesti-⁴
2195 2373 2202 2379 -

156 2434 442 2535 „mabis.
606 2431 609 2434 “
758 2461 763 2466 ’
828 2443 836 2450 “
1475 2453 1478 2458 ·
1859 2445 1862 2446 ’
1947 2459 1954 2460 ff
2201 2439 2206 2444 ⁴

365 2529 600 2622 „Nolo
627 2533 742 2600 ista
771 2524 946 2625 legat
970 2525 1079 2598 vel
1109 2527 1427 2601 Lutherus
1457 2524 1565 2598 vel
1592 2526 1951 2625 Philippus,
2002 2531 2140 2626 qui-

165 2634 329 2725 „bus
353 2628 539 2728 saepe
576 2634 705 2704 ista
734 2621 1046 2713 recensui,
1080 2632 1286 2724 etqui
1309 2626 1551 2697 habent
1578 2624 1879 2715 meliora,
1908 2626 2138 2723 quibus

165 2757 340 2835 „pro
373 2731 563 2803 nobis
580 2746 998 2826 occupentur,
1025 2720 1137 2796 sed
1166 2725 1449 2824 reliquis,
1466 2730 1588 2823 qui
1619 2723 1952 2798 eavolunt
1981 2747 2140 2820 cog-

169 2827 511 2925 „noscere,
529 2826 1060 2904 communicabis,
1103 2826 1265 2895 Non
1287 2820 1493 2921 pudet
1506 2838 1616 2894 me
1633 2824 2142 2919 nequehum‘ili‘-

169 2939 362 3025 „tatis
382 2967 385 2972 ⁴
402 2936 585 3003 meae
609 2953 822 3027 neque
846 2922 1220 3024 Evangelii,
1241 2917 1421 3024 quod
1446 2942 1543 2995 ‘est
1566 2948 1611 3021 p
1629 2947 1671 2994 o
1688 2942 1717 2993 t
1732 2950 1766 2994 e
1782 2950 1827 2995 n
1846 2926 1903 3008 ti
1921 2950 1957 2993 a
1986 2922 2051 2992 D
2067 2926 2145 2992 ei

169 3032 316 3124 „ad
360 3024 700 3101 salutem
737 3054 779 3099 o
799 3021 1394 3110 mni³credenti.
1440 3028 1526 3095 Et
1554 3028 1792 3122 gratias
1831 3049 1960 3123 ago
1986 3022 2144 3093 Deo

170 3135 413 3223 „Patri,
433 3130 551 3228 qui
575 3132 825 3223 aperuit
851 3126 1025 3196 mihi*
1048 3151 1168 3223 per
1196 3119 1454 3196 servum
1479 3113 1691 3209 suum,
1730 3125 1943 3193 virum
1964 3123 2138 3204 Dei,

173 3234 584 3324 „Lutherutn
605 3283 626 3311 ,
680 3244 743 3295 et
764 3221 1069 3319 ‘spiritum
1116 3218 1410 3295 sanctum
1437 3221 1702 3308 oculos,
1737 3240 1811 3293 ut
1848 3216 2143 3290 viderem

173 3328 594 3432 „gloriam
642 3325 1005 3408 Christi,
1055 3322 1419 3422 gloriam
1481 3348 1573 3421 qu
1595 3327 1713 3392 asi
1760 3323 2147 3416 unigeni-

177 3439 288 3522 „ti
366 3457 429 3501 a*
468 3446 739 3527 patre,
800 3421 1035 3521 pleni
1118 3426 1391 3521 gratia
1455 3442 1533 3492 et
1594 3423 1981 3500 veritate,
2047 3412 2149 3485 de

68 3537 71 3542 ”
176 3536 455 3627 „cujus
503 3518 1070 3626 plenitudine
1109 3548 1152 3592 o
1175 3548 1303 3592 mn
1325 3547 1401 3594 es
1443 3522 1926 3619 accepimus
1955 3521 2161 3614 gra-⁸

177 3655 247 3729 „t
264 3639 285 3705 i
303 3657 430 3703 am
457 3638 468 3670 '-
479 3645 632 3727 pro
684 3650 729 3723 g
747 3649 778 3696 r
794 3627 972 3694 atia.v
1054 3624 1206 3713 Ejus
1236 3626 1512 3717 gratiam
1535 3645 1675 3692 non
1699 3619 2011 3709 abjiciam,
2035 3610 2150 3685 sed

178 3733 507 3823 „libenter
534 3723 697 3797 volo
730 3721 998 3822 gloriari
1025 3724 1093 3791 in
1135 3722 1461 3804 Domin0,
1508 3739 1576 3789 ut
1602 3718 1920 3789 inhabitet
1944 3721 2013 3786 in
2039 3714 2151 3784 me

180 3840 428 3922 „virtus
460 3827 724 3897 Christi.
787 3893 789 3900 Α
824 3822 925 3892 Di
947 3847 983 3890 e
1033 3818 1250 3892 Wird
1302 3823 1485 3888 sich
1534 3814 1709 3891 W'ol
1761 3807 2194 3907 offenba-f„

183 3941 386 4025 „ren
430 3955 526 4000 zu
577 3928 869 3997 seiner'
918 3922 1131 3996 Zeit.
1229 3924 1468 3992 Amen.
2281 3912 2287 3914 ⁴

1645 4020 1769 4090 *3
