2630 4847
566 315 667 390 42

564 449 662 527 lio
692 444 918 519 divino
951 438 1001 512 fi
1027 436 1109 527 ad
1134 461 1403 537 preces,
1448 432 1532 510 ad
1579 438 1931 511 hominum
1974 439 2281 538 exempla
2329 457 2396 511 et
2445 438 2525 512 ad

562 550 741 626 verbi
788 541 993 617 divini
1053 532 1580 613 consolationem
1639 544 1753 637 pio
1812 534 2224 639 confugisset
2274 545 2522 623 animo.
2573 559 2577 563 ·

557 656 703 753 Qa
724 640 995 747 quidem
1025 639 1109 743 de
1126 665 1307 714 causa
1337 633 1813 712 sanctissimum
1843 637 1970 712 illis
1991 635 2123 712 esse
2152 636 2519 739 cupitPauli

551 747 863 852 Apostoli
930 742 1175 815 dictum
1230 737 1312 812 ad
1370 741 1728 838 Ephesios,
1786 737 1968 841 quod
2002 743 2190 841 „Cap.
2245 744 2366 814 VI.
2434 767 2519 815 10

547 852 691 953 sqq.
724 843 1046 946 epistolae
1077 839 1159 913 ad
1187 867 1300 914 eos
1336 836 1573 913 missae
1598 837 1859 939 legitur,
1905 838 2159 939 aliaque
2188 860 2517 940 praeterea

549 956 786 1028 excitat
813 942 1154 1043 scripturae
1179 929 1390 1014 sacrae
1420 939 1839 1040 loca‚·quibus
1864 946 2209 1013 accuratius
2241 968 2540 1040 perpen-x

545 1059 628 1125 sis
658 1055 729 1121 in
756 1046 892 1119 dies
936 1047 1146 1143 magis
1172 1068 1279 1114 ma
1335 1046 1511 1139 isque
1540 1036 1764 1113 forent
1803 1028 2154 1141 cognituri,
2201 1070 2274 1112 m
2313 1043 2513 1114 verbo

513 1150 771 1233 ‚divino
804 1148 1124 1244 optimam
1152 1163 1302 1241 atqu
1370 1137 1923 1239 pretiosisfimam,
1971 1139 2381 1240 eandemque
2424 1148 2514 1214 in-

543 1244 801 1339 defesso
833 1242 1046 1318 studio
1075 1239 1447 1343 tentandam
1475 1261 1667 1339 atque
1693 1238 2156 1322 recludendam
2180 1297 2199 1327 ‚
2235 1247 2511 1315 inveniri

512 1344 1003 1425 -aurifodinam.
1103 1345 1288 1414 Haec
1315 1346 1483 1414 inter
1509 1368 1631 1413 nec
1675 1345 1930 1428 omisit,
1983 1366 2259 1413 omnem
2306 1338 2511 1414 vindi-

541 1472 709 1526 ctam
743 1448 820 1519 ab
847 1436 1218 1518 adversariis
1245 1436 2011 1545 petendamodissuaderm
2063 1462 2410 1541 totumque
2436 1442 2509 1514 li·
2603 1466 2604 1471 ¹

537 1550 787 1626 bellurn
832 1551 901 1617 in
937 1550 1322 1617 universum
1372 1545 1456 1611 ita
1505 1547 1899 1640 composuit,
1950 1561 2017 1614 ut
2057 1547 2185 1635 jam
2234 1570 2320 1614 ex
2374 1548 2506 1614 hoc

536 1657 756 1755 primo
790 1653 918 1741 ejus
949 1648 1185 1745 scripto
1231 1646 1450 1715 omnis
1492 1647 1694 1713 animi
1733 1647 1920 1726 ratio,
1965 1668 2095 1741 ,qua
2144 1638 2207 1712 se
2250 1640 2503 1741 semper

533 1759 803 1831 virum
855 1772 1050 1818 vere
1101 1746 1368 1844 piuml.
1418 1738 1928 1829 modestum,
1981 1741 2504 1840 prudente‘nm

538 1852 956 1929 sincerum
1022 1865 1262 1944 atque
1326 1837 1792 1928 fervorem,
1855 1869 2015 1941 quo
2071 1844 2500 1942 quaelibet

529 1954 870 2053 egregia
930 1946 1369 2044 amplexus
1434 1962 1598 2023 est,
1686 1942 2035 2014 amabili
2109 1933 2495 2018 bonitate

526 2065 1138 2149 temperantem
1191 2043 1619 2135 exhibuit,
1668 2048 1983 2141 cognosci
2015 2042 2232 2142 posfit.
2337 2051 2496 2117 Cae-

525 2178 739 2228 terum
782 2146 954 2225 haud
996 2136 1257 2218 difficile
1297 2162 1391 2216 est
1429 2140 1796 2236 dijudicatu„
1849 2166 2253 2242 quantopere
2294 2151 2496 2217 animi

522 2277 797 2345 eorum,
847 2252 959 2346 qui
1005 2248 1474 2319 Annaemontii
1520 2245 1599 2314 ab
1628 2243 1935 2316 ecclesiae
1978 2240 2487 2320 reformatorum

521 2354 801 2456 partibus
848 2368 1011 2421 stare
1057 2351 1469 2446 inceperant,
1522 2348 1646 2416 hac
1682 2347 1993 2438 Myconii
2037 2342 2490 2432 consolatione
2597 2338 2602 2432 4

520 2456 644 2530 fint
678 2454 890 2525 erecti.
969 2447 1066 2520 Ut
1090 2473 1247 2520 vero
1275 2471 1439 2545 quae
1464 2445 1666 2518 literis
1692 2443 2109 2534 mandaverat
2141 2474 2371 2519 coram
2405 2476 2485 2522 eo

521 2555 839 2630 efficacius
873 2554 1017 2628 viva
1053 2554 1298 2642 juvaret
1347 2572 1538 2631 voce,
1587 2572 1729 2618 non
1774 2552 1856 2618 ita
1901 2547 2111 2617 multo
2156 2571 2302 2643 post
2352 2545 2482 2647 ipse

517 2651 1001 2733 Buchholzium
1039 2642 1396 2747 profectuS,
1433 2648 1518 2716 ibi
1553 2644 1659 2717 die
1688 2651 1783 2724 Π.
1827 2647 1979 2733 Julii
2027 2651 2480 2744 (MDXXIV.)

515 2760 912 2842 concionem
951 2753 1210 2835 habuit,
1261 2751 1360 2832 in
1430 2773 1508 2819 ua
1550 2759 1758 2820 totam
1805 2743 2179 2844 scripturam
2228 2775 2480 2845 percur-

513 2884 662 2931 rens
715 2852 800 2925 de
853 2869 1143 2949 peccam,
1193 2846 1349 2938 fide,
1384 2773 1507 2944 ipe
1562 2867 1626 2918 et
1674 2854 1926 2918 caritate
1980 2848 2478 2944 praeclarissima

512 2952 786 3058 protulit
808 2952 1021 3024 verba.
1127 2944 1650 3033 Seckendorfius,
1700 2952 1809 3045 qui
1842 2950 2002 3018 haec
2027 2947 2349 3041 loco-jam
2385 2947 2477 3023 su-

508 3085 625 3158 pra
666 3056 947 3127 excitato
997 3075 1082 3122 ex
1109 3049 1371 3121 Buschii
1414 3046 1613 3118 literis
1650 3043 1874 3134 refert,
1925 3053 2281 3121 narrationi
2317 3043 2476 3126 suae

508 3154 723 3232 addit‘:
2415 3179 2418 3182 ·

568 3271 575 3304 ἑ
609 3246 933 3347 „adfuisse
976 3247 1141 3322 duos
1181 3243 1507 3320 senatores
1551 3247 2165 3345 Annaebergenses‚
2217 3272 2316 3340 ¹ut,
2362 3259 2474 3353 qui

605 3383 738 3448 „ex
772 3348 901 3426 suis
944 3349 1185 3423 civibus
1215 3344 1529 3437 adessent,
1558 3349 2009 3437 observarent3
2055 3345 2238 3449 supra
2277 3355 2468 3427 mille

601 3474 864 3550 „autem
908 3470 1063 3524 tunc
1114 3475 1197 3522 ex
1246 3449 1375 3521 illis
1427 3444 1734 3521 adfuisse.
1829 3450 1975 3534 Jam
2032 3452 2468 3527 Buchholzia·

600 3582 769 3648 „nos
807 3552 1125 3652 flagitare,
1169 3569 1240 3621 ut
1276 3546 1640 3642 Fridericus
1675 3548 1788 3621 ille
1830 3548 2194 3641 Myconius
2234 3574 2467 3651 pastor

598 3652 788 3748 „suus
816 3653 1025 3741 fieret,
1061 3653 1438 3740 johannem
1482 3674 1640 3724 vero
1682 3650 1942 3723 Ducem
1985 3645 2146 3724 eum
2167 3655 2466 3736 Gotham

2105 3781 2112 3791 ι

642 3750 982 3829 vocasse.“
1870 3820 1874 3824 ,

500 3814 762 3932 Grit’hae
812 3857 1004 3927 Festo
1054 3849 1514 3928 Adsumtionis
1584 3851 1838 3927 Mariae
1894 3854 2031 3926 hoc
2076 3848 2220 3951 ipso
2278 3879 2461 3933 anno

500 3959 981 4053 (MDXXIV.)‚
1028 3973 1101 4028 ut
1138 3951 1285 4051 jam
1317 3951 1512 4054 supra
1545 3957 1617 4028 in
1657 3972 1815 4028 nota
1847 3981 1984 4060 ÷a
1998 3981 2152 4029 a.—-
2185 3980 2269 4027 ex
2310 3963 2455 4050 ejus

2599 2435 2602 2522 1

2599 2687 2602 2706 1

2601 2725 2602 2758 l

2599 2789 2602 2818 1

2595 2827 2603 2950 1
