2630 4847
2154 300 2243 372 21

229 420 379 513 53}st
409 416 604 491 fuisse
643 419 861 490 isthac
888 415 1139 490 errandi
1178 437 1239 490 et
1268 390 1564 517 reptandi
1607 422 1677 491 in
1715 416 2005 522 scopulis
2044 451 2246 525 angu-

223 520 442 603 „stia.
546 522 681 589 Ubi
715 515 1040 605 descendi,
1089 516 1523 591 deliberabam
1571 521 2088 622 brevibugquid
2119 533 2241 597 mi-

227 622 379 703 „hi
411 614 584 690 esset
609 615 1008 714 faciendum,
1048 621 1323 690 breviter
1350 647 1448 690 res
1488 616 1622 719 ipsa
1657 618 1934 720 cogebat
1966 626 2235 698 conclu-

223 717 459 803 „dere
511 718 889 807 consilium,
937 717 1537 791 commendandam
1579 719 1711 794 esse
1757 728 2046 795 animam
2095 752 2232 797 me-

222 845 410 905 „am
445 821 739 903 Christe,
792 824 949 889 etin
984 844 1213 895 manus
1241 821 1364 889 Dei
1411 824 1624 917 patris,
1678 841 1741 892 et
1769 818 2231 895 moriendum:

223 944 515 1018 „neque
550 923 729 989 enim
760 918 1117 1003 ambulare,
1167 946 1288 988 nec
1313 939 1474 989 stare
1505 919 1665 992 ultra
1680 948 1835 1019 prae
1863 920 2228 994 lassitudine

223 1038 618 1117 „poteram.
722 1023 1195 1117 Circumspicio
1232 1044 1394 1115 ergo
1427 1038 1490 1090 et
1522 1017 1715 1092 video
1757 1017 1871 1093 sub
1899 1042 2079 1120 petra
2114 1051 2226 1094 an-
2301 1020 2306 1030 ’

219 1118 559 1216 „gulum‚
608 1145 744 1217 quo
776 1145 884 1188 me
914 1144 1254 1215 compono
1290 1139 1353 1188 et
1380 1114 1598 1206 sede0,
1646 1140 1709 1191 et
1751 1141 1936 1218 caput
1970 1142 2031 1193 et
2058 1142 2222 1194 utra-

220 1245 422 1318 „que
464 1217 661 1290 latera
694 1217 851 1289 illuc
893 1216 1178 1300 reclino;
1222 1224 1351 1310 jam
1397 1245 1625 1291 manus
1652 1219 2107 1309 extendebam,
2159 1241 2224 1295 et

221 1316 526 1405 „oculos
568 1316 650 1388 ad
678 1317 937 1395 coelum
978 1318 1296 1402 levabam,
1346 1324 1538 1389 anxie
1579 1318 2050 1392 commendans
2080 1326 2221 1420 Spi-

178 1420 183 1429 ‘
224 1423 492 1507 „ritum
521 1445 745 1490 meum
779 1423 846 1488 in
878 1444 1105 1490 manus
1134 1420 1262 1488 Dei
1293 1414 1509 1489 Patris.
1584 1422 1670 1491 Et
1694 1414 1855 1503 dum
1875 1424 1958 1491 ita
1992 1419 2212 1509 sedeO,

191 1538 668 1616 ·„exspectans
702 1515 1103 1590 voluntatem
1137 1518 1441 1602 Domini,
1456 1525 1644 1590 ecce!
1673 1517 1872 1591 audio
1904 1525 2080 1618 quasi
2112 1548 2215 1593 ve-

219 1622 476 1717 „stigia
502 1617 734 1716 procul
766 1616 1148 1718 ambulantis
1179 1640 1241 1715 eit
1277 1615 1634 1689 accedentis
1672 1622 1984 1706 hominiS,
2027 1617 2144 1690 dur
2192 1668 2214 1679 -

226 1745 419 1820 „que
454 1724 711 1790 arrectis
742 1720 993 1789 auribus
1020 1722 1297 1787 intentus
1319 1714 1500 1803 'si-im,
1552 1746 1635 1790 an
1663 1723 2002 1818 quiequam
2034 1747 2209 1791 veui-

223 1840 369 1909 „at,
420 1817 668 1888 accedit
695 1817 773 1887 ad
813 1845 921 1888 me
950 1822 1047 1888 vir
1073 1815 1337 1915 quidam
1369 1814 1689 1899 mediocri
1722 1839 1997 1907 statura,
2025 1817 2220 1915 fron-n

222 1941 346 2008 „te
376 1914 627 1998 serena,
679 1915 791 1988 sed
809 1917 1007 2004 calva,
1057 1915 1332 2013 capillus·
1363 1936 1425 1989 et
1449 1919 1665 2007 barba,
1711 1943 1904 2020 quam
1935 1918 2212 1990 habebat.

223 2018 659 2118 „prolix-am,
724 2016 805 2089 ad
849 2037 1188 2087 castaneae
1232 2020 1427 2087 ”nucis
1471 2017 1773 2090 colorem
1816 2018 2164 2091 inclinabat
2184 2076 2212 2105 „

221 2137 465 2209 „erant
491 2124 725 2214 aspersi
756 2121 897 2188 cani
928 2115 1140 2215 capii-li
1160 2171 1180 2202 ,
1223 2118 1479 2187 vestitus
1513 2138 1658 2193 erat
1700 2124 1963 2190 inter-ius
1998 2120 2199 2191 brevi-

221 2214 610 2311 „or'viridis
643 2223 877 2304 tunica,
920 2213 1083 2288 foris
1114 2222 1386 2288 amictus
1412 2216 1995 2310 rubrachlamyde,
2045 2247 2197 2289 cum

219 2314 468 2409 „nodo
504 2323 573 2388 in
591 2315 838 2416 scapula
868 2315 1129 2388 finistra.
1178 2319 1333 2416 Ego
1375 2322 1591 2389 statim
1622 2315 1776 2402 vidi,
1805 2315 2027 2391 divum
2044 2323 2198 2389 Pau-

223 2415 607 2511 „lun1esse,
655 2417 809 2490 ficut
840 2415 1024 2488 illurn
1054 2423 1236 2515 pingi
1278 2413 1571 2489 videram
1618 2422 1788 2491 inter
1814 2417 2190 2517 ApostoIOS.
2247 2460 2258 2466 -

219 2525 338 2611 „Is
385 2545 494 2590 me
539 2524 903 2616 interrogat
937 2516 1189 2589 dicens:
1240 2519 1357 2587 Tu
1400 2515 1561 2615 quid
1590 2523 1774 2616 agis?
1856 2524 1987 2590 Cui
2031 2542 2192 2615 ego:

219 2617 588 2709 „deductus
618 2615 755 2690 sum
787 2622 855 2687 in
897 2644 1218 2704 eremum,
1240 2643 1458 2713 neque
1488 2610 1622 2689 scio
1665 2644 1701 2689 a
1733 2644 1866 2716 quo
1894 2627 2000 2690 aut
2034 2646 2195 2718 quo

220 2718 514 2811 „mod0,
565 2721 796 2789 Unum
826 2712 981 2803 scio,
1026 2714 1193 2807 adeo
1234 2712 1567 2788 consectus
1603 2713 1746 2789 sum
1785 2715 2099 2816 reptando
2132 2739 2194 2790 et

220 2845 390 2910 „me
419 2816 782 2915 eripiendo,
833 2809 943 2887 sed
971 2814 1134 2890 dum
1158 2816 1409 2904 labore,
1454 2812 1657 2904 fame,
1701 2815 1827 2906 fiti,
1850 2845 1924 2890 ac
1953 2815 2199 2890 dolore
2285 2899 2294 2912 x

222 2917 624 3010 „conficior,
670 2908 955 3015 despero
974 2914 1056 2987 de
1084 2920 1409 3003 evasione,
1458 2921 1608 3016 quia
1638 2914 1832 2994 video
1861 2920 2028 2991 hanc
2058 2948 2190 2992 ere·

219 3044 462 3110 „mum
493 3023 563 3088 in
581 3016 917 3105 ‚infinitum
947 3035 1357 3114 porrectam:
1402 3013 1560 3120 ideo
1594 3044 1714 3089 me-
1746 3020 1858 3090 hie
1878 3018 1963 3090 ad
1988 3013 2192 3092 mori·-

221 3115 521 3209 „endum
547 3143 912 3214 compono,
963 3120 1308 3214 Deumque
1353 3142 1501 3205 oro,
1553 3137 1623 3189 ut
1665 3122 1829 3189 mihi
1875 3125 2194 3216 propitius

221 3222 594 3317 „peccatori
625 3221 912 3289 animam
942 3242 1170 3301 meam,
1201 3214 1513 3314 suscipiat.
1612 3219 1797 3290 Haec
1823 3223 1933 3288 vix
1972 3221 2193 3289 dicere
2256 3285 2267 3292 .

221 3337 509 3415 „potens
541 3312 700 3389 dixi.
799 3315 918 3387 Ille
958 3342 1115 3387 vero
1161 3311 1376 3388 subito,
1415 3311 1500 3386 ad
1525 3323 1648 3388 me
1675 3314 1938 3400 accedit,
1989 3344 2193 3386 mauu

221 3416 511 3510 „dextra
534 3413 861 3487 finistram
884 3442 1104 3504 meam
1150 3418 1397 3509 arripit,
1447 3435 1508 3486 et
1539 3420 1608 3486 in
1628 3413 1827 3513 pedes
1857 3421 2064 3485 statuit
2094 3414 2186 3483 di-

148 3541 156 3547 ⁴
221 3541 460 3610 „censz
522 3521 827 3613 Surge,
895 3536 976 3587 et
1028 3541 1149 3585 me
1201 3520 1605 3594 comitare
1647 3542 1744 3585 ac
1797 3510 2182 3611 sequere.

223 3642 403 3713 „res
455 3635 643 3688 tuae
708 3614 1113 3685 meliore-s
1167 3633 1425 3685 erunt.
1507 3617 1640 3710 *Ah*
1674 3615 1966 3684 Domine
1999 3615 2185 3683 Deus

226 3742 459 3809 „meus
488 3742 683 3813 quam
715 3714 1151 3794 exhiiarabar!
1203 3710 1331 3784 Sed
1374 3714 1687 3785 tremebat
1720 3710 2189 3782 moribumhwn

227 3842 533 3913 ‚,corpu8,
585 3835 647 3886 et
689 3811 987 3898 incedere
1028 3840 1164 3883 non
1211 3807 1414 3909 {mm-i.
1511 3812 1633 3882 Ilie
1677 3833 1831 3881 vero
1872 3838 1978 3882 me
2009 3815 2188 3884 conf-

226 3915 573 4017 „plectitur
603 3911 862 4010 dextra,
896 3918 985 3986 ita
1012 3931 1311 4013 portam,
1346 3931 1422 3994 ut,
1444 3917 1559 4011 *vix
1599 3908 1997 4011 pedetentim
2029 3915 2210 3984 inters

2349 2120 2376 2155 ἱ
