2630 4847
446 331 545 401 22

455 462 819 559 „angustias
861 463 1111 531 viarum
1156 454 1412 558 ingredi
1444 453 1762 558 'possem:
1813 453 2138 530 interdum
2175 456 2286 529 ubi
2313 482 2426 527 an-

455 607 499 643 „
551 564 748 632 ustiae
768 563 1248 631 constrictiores
1278 580 1478 644 crant,
1524 585 1634 629 me
1681 579 1894 630 totum
1926 579 2159 657 portat.
2268 564 2425 628 Am·

452 587 791 742 „finiamus
865 686 1089 731 arvum
1122 663 1400 758 spatium
1432 679 1495 731 et
1527 658 1600 728 fit
1634 664 1732 729 via
1772 657 2080 730 nonnihil
2114 662 2334 730 tritior
2362 675 2428 731 et

455 761 757 848 ‚,laetior,
807 684 918 832 {Ped
950 781 1168 830 tamen
1216 758 1427 830 adhuc
1455 757 1634 829 nulla
1665 757 1966 831 videbam
1995 761 2266 830 humani
2310 783 2424 856 pe·

456 858 599 949 „dis
635 863 923 959 vestigia,
959 855 1127 930 adeo
1160 862 1225 929 in
1260 861 1562 929 interiora
1596 854 1827 929 deserti
1861 854 2330 953 aberravberam2
2351 860 2428 928 in

452 959 724 1045 „locum
754 957 1090 1030 desertum
1123 978 1186 1028 et
1214 963 1625 1057 inaquosum.
1726 956 2149 1031 Procedimus
2202 955 2428 1028 adhuc

452 1056 857 1162 „paululum
886 1078 950 1129 et
981 1062 1164 1129 ecce!
1196 1084 1229 1131 a
1280 1065 1400 1128 erit
1425 1052 1489 1129 se
1519 1055 1700 1129 vallis
1726 1055 2282 1149 amoenisfima,ct
2308 1084 2429 1154 ap-

451 1175 675 1261 „paret
711 1177 967 1257 pratum
1014 1084 1572 1252 jucundissimum,
1621 1157 1730 1229 ubi
1773 1161 1997 1231 nescio
2042 1183 2127 1231 an
2163 1153 2423 1256 aliquid

450 1255 697 1360 „possit
724 1262 995 1358 cogitari
1024 1255 1732 1357 pulchriu8,amoenius
1751 1278 1815 1330 et
1837 1255 2180 1351 jucundius
2239 1260 2421 1328 Hae-

447 1360 718 1445 „rebant
747 1364 815 1430 in
853 1363 1153 1457 gramine
1179 1382 1261 1429 ex
1307 1382 1459 1429 rore
1494 1355 1782 1456 guttulae
1814 1355 2297 1457 rezplendentes
2332 1384 2424 1430 ex

448 1458 637 1545 „sole
670 1464 851 1530 vario
885 1456 1137 1545 colore,
1182 1462 1359 1557 quasi
1399 1457 1663 1548 stellaeg
1715 1456 1959 1529 florum
2001 1478 2065 1531 et
2105 1457 2418 1530 colorum

446 1578 631 1649 „erat
675 1577 847 1633 tanta
892 1563 1191 1645 varietaS,
1241 1579 1412 1628 tanta
1448 1553 1825 1657 fragrantia,
1877 1580 1948 1630 ut
1988 1584 2112 1631 nec
2152 1579 2285 1631 tota
2320 1556 2422 1628 di-

449 1687 562 1748 „es
586 1655 910 1733 narrando
942 1653 1260 1729 sufficeret
1290 1654 1586 1730 divinum
1628 1678 1932 1731 ornatum
1965 1678 2028 1731 et
2055 1658 2420 1730 coelestem

442 1756 932 1859 „fragrantiam
1030 1759 1394 1829 Recreabar
1431 1754 1618 1855 supra
1654 1755 1956 1846 modum,
2005 1780 2069 1831 et
2106 1762 2217 1831 hic
2245 1786 2422 1830 non-

447 1860 657 1948 „nihil
682 1864 1080 1957 requiescere
1121 1857 1485 1954 cupiebam,
1531 1851 1932 1930 seddivinus
1961 1884 2145 1931 meus
2177 1856 2420 1939 ductor

408 1984 411 1989 ·
447 1961 763 2056 „urgebat
807 1952 939 2028 me⁸
957 1952 1290 2054 progredi.
1393 1958 1794 2028 Devenimus
1845 1963 1922 2030 in
1945 1956 2236 2030 mediam
2276 1959 2415 2030 val-

446 2059 655 2145 „lem,
702 2054 1034 2128 videbatur
1072 2059 1236 2125 mihi
1281 2076 1498 2126 autem
1544 2051 1679 2125 esse
1718 2062 1884 2129 circa
1924 2056 2251 2131 decimam
2302 2061 2411 2131 vel

445 2155 905 2244 „undecimam
937 2159 1176 2227 horam
1205 2152 1349 2224 diei.
1423 2157 1516 2225 lbi
1545 2153 1814 2227 demum
1847 2155 2046 2229 audio
2078 2155 2413 2231 susurrum

372 2312 373 2317 η
445 2255 828 2346 „defluentis
859 2254 1070 2348 rivuli,
1104 2274 1165 2325 et
1194 2251 1401 2325 subito
1441 2253 1635 2325 video
1666 2284 1899 2354 aquam
1934 2263 2148 2330 vivam
2187 2257 2416 2330 fatien-

442 2378 625 2446 „tem
662 2381 809 2429 non
854 2378 1004 2427 cum
1041 2351 1377 2426 horrcndo
1422 2350 1712 2455 fragore,
1757 2353 1866 2429 sed
1905 2352 2077 2430 suavi
2122 2370 2409 2434 susurro.
2471 2437 2474 2442 ,

431 2460 777 2554 ‘„Aspicio,
830 2474 963 2528 erat
999 2474 1213 2525 autem
1248 2481 1412 2552 aqua
1464 2454 1863 2528 lucidissima
1918 2477 1981 2530 et
2022 2460 2408 2553 cristallina,

436 2555 723 2645 „fundus
772 2553 1209 2653 aspiciebatur,
1261 2551 1550 2654 undique
1593 2554 1798 2655 lapilli
1845 2579 1908 2629 et
1948 2555 2183 2631 arenae
2224 2569 2410 2633 aurei

437 2656 723 2749 „coloris
762 2672 962 2741 erant,
1007 2651 1179 2725 nihil
1222 2651 1547 2726 immundi
1592 2657 1913 2729 crescebat
1952 2662 2025 2734 in
2070 2665 2248 2758 ripis,
2289 2656 2408 2733 sed

361 2759 369 2772 '
439 2778 591 2848 „aut
615 2752 813 2828 flores
839 2773 945 2826 aut
969 2749 1385 2826 floridisfima
1412 2753 1633 2827 herba.
1730 2758 1826 2829 Ibi
1851 2759 2168 2856 procubui
2189 2767 2258 2832 in
2287 2787 2405 2860 ge-

437 2854 947 2945 „nua,videbam
977 2858 1155 2926 enim
1187 2850 1341 2928 ideo
1370 2859 1537 2927 mihi
1565 2859 1744 2930 hunc
1774 2857 2139 2932 coelestem
2171 2858 2403 2934 ductoss

432 2981 621 3046 „rem
664 2951 968 3039 missum,
1016 2972 1087 3025 ut
1125 2949 1207 3024 ad
1249 2957 1364 3026 has
1406 2980 1601 3054 aqua-s·
1632 2962 1800 3044 vitae
1841 2984 1952 3031 me
1989 2957 2401 3059 perduceret,
2497 2955 2500 2958 ’

428 3053 775 3156 „parabam
801 3079 910 3125 me
945 3050 1023 3124 ad
1060 3052 1763 3155 hauriendam‘aquam
1803 3085 2024 3146 manu,
2072 3061 2141 3132 ut*
2163 3060 2400 3134 ‘fitien-

423 3141 627 3246 „tem'⁴'
640 3173 702 3226 et
730 3150 1191 3226 moribundam
1223 3179 1583 3227 recrearem
1613 3163 1926 3247 animam,
1944 3153 2052 3231 sed
2080 3187 2220 3233 non
2250 3189 2398 3259 per-

425 3260 667 3345 „mittit
696 3249 969 3326 ductor:
1016 3258 1160 3325 imo
1214 3247 1298 3325 de
1343 3250 1545 3327 fontis
1575 3250 1959 3359 scaturigine
1985 3257 2124 3359 ipse
2149 3263 2396 3356 bibito;
2427 3345 2440 3354 l

424 3360 655 3445 „veni,
703 3357 948 3451 inquit,
995 3349 1188 3424 simul
1205 3379 1331 3425 me
1367 3358 1643 3453 erigens,
1744 3360 1899 3458 Ego
1929 3380 2148 3432 autem
2196 3388 2278 3433 ex
2325 3389 2394 3433 a·

343 3512 348 3517 .
425 3476 714 3549 „epectiu
734 3449 989 3525 susurro
1025 3472 1088 3523 et
1114 3477 1272 3548 aura*
1291 3449 1717 3553 refrigerante
1751 3463 1961 3557 magis
1988 3458 2393 3536 accendebar

418 3554 708 3643 „bibere,
755 3570 819 3623 et
846 3551 1256 3637 metuebam,
1299 3579 1385 3625 ne
1423 3552 1632 3654 longe
1669 3554 1912 3630 abesset
1949 3554 2106 3632 fons
2147 3580 2211 3634 et
2249 3588 2385 3660 ego

415 3654 671 3749 „magis
700 3655 1121 3725 excruciarer.
1191 3653 1381 3724 Tum
1409 3656 1544 3726 hoc
1569 3680 1683 3728 me
1696 3656 2187 3746 consolabatur,
2230 3653 2414 3759 quiav

414 3753 595 3850 „tam
641 3747 905 3822 fidelem
954 3748 1295 3824 ductorem
1342 3771 1571 3825 nactus
1615 3750 1856 3845 essem,
1901 3755 1953 3829 fi
1990 3754 2239 3831 videret
2268 3789 2384 3835 me

413 3849 766 3938 „deficere,
807 3845 1001 3922 facile
1040 3847 1525 3948 permissurum,
1595 3876 1667 3927 ut
1707 3855 2033 3946 biberem,
2082 3856 2380 3933 confide-

402 3953 604 4043 „bain
624 3987 713 4001 -—-
731 3948 1146 4023 Procedimus
1176 3948 1541 4052 paululum,
1590 3973 1656 4029 et
1680 3961 1864 4029 ecce!
1890 3977 2155 4062 apparet
2181 3962 2374 4036 nobis
