2630 4847
456 445 727 520 Lutberi
767 439 1152 515 valetudinis
1200 465 1387 514 causa
1427 446 1715 541 primum
1747 442 2147 530 Grimmam‚
2192 433 2431 510 deinde
2541 468 2548 481 ¹

461 536 895 643 Vi'te'bergam
942 540 1275 615 translatus
1314 562 1425 613 est.
1525 545 1627 612 Εἰ,
1655 567 1856 639 quum
1901 544 2267 632 Myconius
2302 545 2433 636 ipse

464 651 539 719 in
572 644 793 718 literis·
819 642 904 714 ad
932 640 1577 727 vitum-Ditericum,
1628 640 2269 737 Norimbergensem
2328 642 2437 708 Pa·

467 764 740 832 storem,
779 739 939 817 datis
975 741 1161 813 latius
1204 746 1584 839 exposuerit
1612 768 1709 825 ca,
1759 732 1923 837 quae
1964 743 2196 811 hocin
2228 736 2440 809 collo·

469 851 630 944 quio
667 862 805 916 acta
847 861 911 914 et
960 838 1303 938 disceptata
1360 843 1514 926 sint,
1581 865 1915 937 quumque
1964 841 2127 909 haec
2172 862 2440 936 quoque

357 976 365 987 ·
464 942 746 1041 epistola
769 938 943 1023 haud
971 940 1237 1037 vulgare
1266 942 1579 1031 Myconii
1606 944 1948 1037 ingenium
1979 956 2262 1023 testetur,
2282 958 2444 1008 tem-

469 1067 694 1143 perare
725 1043 1055 1111 mihi'non
1086 1043 1296 1137 potui,
1348 1044 1505 1138 quin
1541 1066 1747 1137 aeque
1782 1066 1858 1109 ac
1888 1037 2094 1123 illam,
2137 1064 2319 1135 quac
2347 1064 2447 1106 su-

472 1166 588 1241 pra
619 1167 683 1238 p.
708 1144 804 1214 10
826 1135 966 1238 sqq.
992 1137 1249 1237 legitur,
1298 1158 1502 1210 totam
1533 1142 1886 1209 narrationi
1915 1164 2101 1208 meae
2132 1163 2213 1207 ex
2246 1141 2449 1209 histo-

472 1244 604 1325 riae
642 1243 985 1310 Gothanae
1026 1238 1489 1338 supplemento
1532 1243 1723 1310 tertio
1758 1265 1825 1336 p.
1877 1238 2047 1320 114.
2077 1232 2220 1335 sqq.
2256 1241 2450 1308 inter·
2513 1332 2516 1333 ⁷

473 1354 800 1439 ponerem
830 1334 1053 1434 (fff.>.
1859 1358 1863 1379 *

675 1527 785 1613 „O
836 1529 1001 1596 timo
1050 1541 1111 1593 et
1149 1522 1428 1593 Doctiss.
1463 1525 1545 1593 V.
1573 1523 1677 1593 M.
1699 1525 1860 1593 Vito
1888 1521 2209 1609 Dietrich,
2251 1519 2336 1593 ad
2367 1524 2452 1595 D.

478 1622 489 1629 ⁵
570 1626 773 1697 Sebal
822 1652 933 1696 um
964 1622 1417 1721 Nurmbergae
1443 1627 1686 1722 pastori
1724 1627 1950 1694 ovium
1982 1626 2255 1708 Christi,
2289 1629 2454 1701 rami-

580 1752 663 1796 co
712 1751 832 1797 suo
874 1748 1054 1795 vero.
1098 1768 1105 1779 ·
2281 1792 2284 1795 ,
2352 1779 2363 1787 .

482 1826 778 1898 Gratiam
811 1843 873 1895 et
898 1842 1126 1920 pacem
1205 1847 1276 1892 er
1302 1823 1666 1893 Christum.
1759 1823 1998 1893 Literas
2023 1834 2168 1894 tuas‘
2186 1826 2280 1893 mi
2315 1824 2455 1917 Do·

386 1940 391 1949 ’
486 1922 762 1996 ctisfime
791 1942 853 1995 et
882 1927 1137 1995 Ornatis
1168 1947 1302 1992 ime
1332 1922 1412 1993 D.
1443 1923 1617 2007 Vite,
1662 1921 1898 1993 obtulit
1927 1926 2094 1993 mihi
2117 1920 2455 1994 FIidnerus

490 2028 645 2094 civis
688 2046 948 2108 noster,
1027 2020 1233 2092 simul
1279 2016 1558 2091 efferens
1601 2026 1672 2092 in
1711 2021 1981 2094 coelum
2035 2050 2188 2094 cum
2237 2042 2453 2107 tuam,

488 2143 631 2195 tum
660 2122 942 2194 aliorum
989 2119 1141 2218 erga
1176 2146 1245 2191 se
1283 2119 1985 2193 voluntatembonam.
2026 2198 2029 2203 ,
2087 2126 2173 2194 Et
2216 2149 2349 2219 ago
2383 2129 2456 2193 ti-

490 2221 558 2292 bi
586 2227 907 2320 imprimis
956 2226 1209 2317 gratias,
1254 2215 1437 2319 quod
1482 2223 1655 2292 hunc
1692 2219 1771 2291 ad
1805 2227 2092 2293 amicum
2132 2220 2454 2294 scribendi

486 2314 786 2413 laborem
830 2322 1094 2406 subiisti,
1144 2340 1217 2391 et·
1250 2339 1413 2417 opto
1456 2344 1525 2390 ut
1554 2324 1688 2399 hoc
1724 2346 1989 2420 quoque
2034 2319 2286 2393 donum
2325 2327 2455 2393 Do-

492 2427 660 2494 mini
701 2422 814 2492 tibi
867 2426 1387 2519 perpetuum-sit.
1420 2420 1620 2495 Multi
1650 2428 1828 2492 enim
1856 2419 2058 2493 hodie
2083 2445 2229 2493 sunt
2259 2429 2454 2494 etiam

490 2522 580 2592 'cx
611 2518 1461 2608 doctisfiinorumnumem,
1486 2523 1593 2620 qui
1623 2519 1791 2594 adeo
1820 2541 2105 2620 torpent,
2156 2545 2224 2594 ut
2254 2530 2361 2596 vix
2382 2525 2457 2594 fi.

496 2626 646 2711 teris
677 2618 962 2720 oppresfi
997 2646 1230 2692 vocem
1262 2618 1556 2705 reddant,
1607 2619 1720 2691 sed
1755 2643 1821 2693 tu
1841 2625 2200 2694 Lutherum
2232 2643 2296 2696 et
2313 2629 2456 2695 Phi·

496 2720 789 2818 lippum,
855 2724 1063 2791 Patres
1104 2741 1166 2792 et
1205 2724 1657 2818 Praeceptores
1686 2709 2002 2810 ‘nost1·oS‚
2044 2724 2457 2812 <'i1nitaberi8,

418 2844 423 2847 ·
500 2825 611 2917 qui
645 2846 842 2919 quam
870 2826 996 2892 sint
1018 2826 1100 2892 “in
1125 2823 1255 2892 hoc
1286 2815 1521 2894 officio
1554 2819 1817 2909 alacres,
1866 2826 2062 2895 nosti.
2381 2841 2388 2846 ’

696 3005 802 3076 De
825 3023 1152 3077 conventu
1198 3025 1428 3077 nostro
1470 3004 1919 3104 Witebergae,
1970 3003 2237 3107 dequo
2280 3011 2460 3102 jubes

499 3133 610 3180 me
639 3108 753 3177 tibi
782 3109 1022 3176 ‘omnia
1065 3106 1364 3196 scribere,
1412 3131 1784 3205 quanquam
1823 3109 1990 3180 nihil
2029 3106 2347 3193 dubitem,
2398 3131 2463 3183 te

428 3265 435 3266 ff
504 3234 586 3279 ex
623 3202 1213 3302 ReutlingensibuS,
1242 3211 1352 3302 qui
1381 3231 1497 3303 per
1524 3232 1641 3278 vos
1684 3203 1767 3279 ad
1807 3233 1959 3281 suos
1997 3207 2354 3298 redierunt,
2396 3205 2461 3283 et

386 3387 395 3392 ,
505 3334 586 3378 ex
626 3305 763 3376 aliis
814 3309 1043 3375 omnia
1080 3301 1681 3404 didicisset‘tamen
1731 3334 1816 3379 ne
1859 3309 1975 3380 tibi
2019 3306 2180 3382 desit
2229 3337 2458 3383 meum

503 3405 825 3492 officium,
874 3405 940 3477 et
988 3423 1168 3476 certo
1204 3409 1558 3505 experiare·
1585 3411 1813 3490 meum
1849 3413 1922 3481 in
1961 3428 2023 3482 te
2062 3407 2347 3483 studium
2396 3432 2462 3502 et

573 3586 730 3655 (sss.)
764 3586 955 3641 Edidit
990 3588 1154 3641 etiam
1194 3584 1336 3639 hanc
1375 3587 1666 3661 epistolam
1707 3588 1778 3643 D.
1805 3588 2062 3644 Nicolaus
2100 3592 2462 3649 Selneccerus

637 3671 785 3725 anno
819 3659 942 3709 1581
976 3672 1100 3707 enm
1170 3655 1474 3710 rac-latione
1500 3658 1863 3712 ‘memorabili
1902 3660 1974 3713 ad
2003 3660 2231 3716 Petrum
2260 3664 2464 3718 Ulme-

634 3744 782 3790 rum,
815 3726 1087 3777 Abbatmn
1169 3742 1475 3794 ergensem.
1534 3727 1863 3781 Germanice
1903 3735 2064 3783 versa·
2091 3740 2262 3787 exstat
2288 3734 2465 3787 'Pom-

636 3794 726 3856 Ἦ.
758 3795 865 3846 An.
890 3794 984 3847 sol.
1016 3795 1159 3849 1050.
1191 3802 1245 3844 et
1272 3790 1420 3865 seqq.
1451 3796 1587 3847 etrin
1608 3793 1733 3849 hist.
1763 3800 2112 3866 Augustanac
2151 3801 2463 3857 confi-afio-

642 3863 745 3926 τῆς,
778 3881 941 3932 qnam
970 3862 1118 3914 idem
1142 3861 1209 3919 D.
1241 3861 1596 3922 Selneccerus
1638 3882 1763 3920 cum
1803 3865 1886 3918 D.
1918 3865 2214 3921 Timotheo
2251 3867 2464 3925 Kirch-
2539 3925 2542 3928 .

639 3947 781 3980 nero
831 3940 881 3979 vt.
928 3930 1173 3983 Mas-tino
1219 3929 1534 3985 Chcmnitio
1577 3949 1725 3985 anno
1791 3937 1938 3991 1585.
1994 3940 2328 4009 composuit,
2390 3941 2463 3994 cf.

508 4038 518 4050 .
605 4019 611 4025 ·
643 3996 971 4061 Scckcnd.,l‚
998 4018 1045 4050 c.
1069 3998 1189 4051 Lib.
1213 3999 1289 4055 ΠΙ
1321 3997 1448 4057 sect.
1481 4003 1558 4072 {5⁸
1587 4001 1617 4068 §
1643 4001 1850 4064 XLVII.
1875 4025 1932 4079 p.
1972 4024 2085 4078 129.
