2630 4847
2036 378 2136 454 59

157 523 298 575 tera
341 519 589 575 tantum
644 504 882 600 Capito
928 503 1313 575 et'Bucerus.
1414 501 1513 574 Ibi
1562 529 1713 577 cum
1735 497 2137 585 sedissemus,
2235 549 2244 553 -
2299 519 2304 526 “

158 626 227 676 et
255 601 480 675 datum
511 605 757 676 Bucero
794 596 953 674 esset
978 601 1056 674 ad
1089 631 1188 692 ea,
1220 628 1387 701 quae
1418 606 1735 677 Lutherus
1759 632 1955 676 mane
1986 632 2140 703 pro·

158 696 486 804 posuisset
536 701 975 802 respondendi
1005 702 1338 775 officium:
1403 704 1516 775 ine
1547 705 1862 804 longa.et
1910 706 2137 776 verbo-

159 802 414 876 sisfima
449 808 750 899 oratione
783 808 1070 901 primum
1122 808 1445 902 exposuit,
1488 829 1557 876 se
1598 830 1718 876 suo
1763 824 1826 877 et
1850 802 2136 876 aliorum

161 909 454 977 nomine
481 900 766 1001 gaudere
797 905 881 974 de
905 906 1039 976 hoc
1069 914 1423 990 conventu,
1468 924 1533 976 et
1566 900 1748 1004 quod
1775 905 1893 978 sibi
1923 907 2161 997 'Wites

162 1005 414 1102 bergae
442 1008 654 1102 magis
699 1027 896 1101 quam
935 1002 1065 1075 alio
1109 1003 1268 1096 loco
1314 998 1571 1075 daretur
1608 1031 1759 1075 suae
1784 1010 2140 1076 sententiae

163 1093 600 1202 ex'plicandae
643 1099 1100 1176 commoditas.
1204 1101 1468 1176 Deinde
1510 1107 1861 1191 recensuit,
1959 1131 2138 1177 uem-

164 1202 544 1295 admodum
575 1204 719 1298 toto
747 1204 1175 1283 triennio‘aut
1205 1200 1638 1302 quadriennio
1665 1130 2029 1293 laborasien
2067 1224 2143 1289 ut

166 1324 413 1378 omnes
444 1308 515 1374 in
559 1329 766 1374 unum
811 1328 1022 1375 rursus
1066 1328 1301 1400 corpus
1341 1300 1723 1391 rediremus,
1775 1325 1965 1403 atque
1996 1332 2149 1376 ean-

166 1402 336 1477 dem
362 1401 445 1474 de
475 1401 873 1479 Eucharistia
921 1407 1306 1477 sententiam
1352 1398 1834 1491 conferremus,
1878 1401 2148 1477 docere-

166 1528 471 1601 musque.
577 1507 742 1596 Item
795 1507 1237 1582 oeconomiae
1294 1503 1774 1575 Ecclesiasticae
1816 1507 2150 1576 rationem

170 1625 241 1678 et
270 1599 570 1677 formam
600 1597 878 1675 eandem
910 1607 1302 1675 unanimiter
1347 1608 1905 1675 constitueremus.

304 1850 311 1858 ·
375 1813 745 1916 Respondit
770 1817 1108 1903 Lutherus‚
1154 1842 1223 1888 se
1250 1816 1416 1888 nihil
1454 1839 1586 1922 tan]
1637 1843 1893 1916 cupere,
1948 1840 2145 1916 quam

174 1939 250 1994 ut
278 1944 452 2002 vera.
499 1913 715 1989 solida
745 1938 807 1987 et
839 1915 1026 1988 firma
1059 1922 1225 1987 inter
1256 1912 1379 1987 nos
1413 1922 1845 1988 restitueretur
1871 1923 2146 1988 concor-

177 2019 309 2092 dia.
404 2023 654 2090 Verum
691 2017 847 2088 dum
870 2012 1270 2116 'prodiissent
1300 2017 1471 2087 illius
1496 2036 1811 2089 consensu
1852 2017 1958 2090 vei
1992 2043 2148 2114 ope-

176 2148 250 2193 ra
301 2117 612 2215 e'pistolae
654 2116 972 2216 Zwinglii
1020 2138 1084 2189 et
1140 2115 1677 2216 Oecolatnpadii‚
1739 2143 1905 2214 quae
1944 2118 2149 2187 multa
2217 2186 2230 2197 .

178 2215 563 2318 impiissima
605 2214 919 2325 dogmata
959 2215 1065 2289 vul
1119 2236 1337 2304 arent,
1389 2215 1620 2288 et'illis
1667 2215 1826 2290 esset
1862 2216 2149 2315 praefixa

179 2324 412 2395 Buce'ri
453 2317 764 2416 Epistola,
814 2337 877 2389 et
918 2243 1154 2388 deiuge
1198 2318 1306 2391 alii
1331 2310 1584 2402 ·'libelli‚
1628 2320 1859 2415 quibus
1887 2346 1957 2387 ea
1995 2314 2150 2420 doc·
2249 2323 2256 2333 ’

180 2428 375 2507 trina,
406 2445 602 2519 quam
635 2420 784 2489 cum
819 2415 1150 2516 Apostolis
1180 2438 1239 2489 et
1273 2416 1539 2489 ecclesia
1568 2414 2003 2503 defendimus⁹
2034 2420 2153 2488 im-
2183 2485 2188 2496 ,

184 2542 550 2623 pugnatur:
598 2545 738 2590 non
764 2515 950 2616 posse
972 2515 1193 2589 videre
1224 2543 1312 2604 se,
1365 2516 1713 2617 quomodo
1739 2518 1925 2589 frma
1963 2538 2024 2588 et
2052 2513 2154 2588 so'-

185 2620 318 2697 lida
350 2615 564 2719 posset
587 2618 727 2691 fieri
755 2615 1112 2691 concordia
1144 2622 1310 2687 inter
1337 2639 1466 2688 tam
1494 2625 1811 2689 contraria
1847 2620 2155 2689 docentes

190 2746 252 2796 et
282 2740 613 2805 conante8‚
662 2716 820 2800 dum
856 2718 1103 2789 scilicet
1135 2715 1308 2787 aliud
1342 2721 1448 2787 hic
1476 2745 1698 2789 coram
1732 2717 1960 2789 dicturi
1995 2713 2155 2789 esse-

189 2849 346 2896 mus
376 2842 438 2892 et
468 2817 763 2892 audituri.
840 2822 1076 2890 Rursus
1107 2822 1289 2909 hujus
1320 2816 1645 2897 diversum
1683 2839 1746 2890 et
1775 2819 2156 2916 planecon-

192 2926 460 2997 trarium
506 2918 861 2991 libris-illis
901 2937 1212 3016 ageretur.
1322 2922 1425 2988 An
1470 2918 1533 2987 id
1577 2915 1751 2990 forte
1798 2917 1949 2990 ideo
1989 2914 2157 2989 face·

193 3042 361 3108 rent,
412 3025 561 3120 quia
601 3046 749 3091 vere
780 3041 841 3090 et
869 3045 952 3089 ex
978 3015 1180 3089 corde
1211 3043 1244 3086 a
1279 3041 1494 3089 nostra
1525 3025 1834 3090 sententia
1870 3017 1951 3090 de
1982 3045 2160 3115 prae-

116 3203 125 3216 .
198 3127 408 3196 sentia
451 3124 748 3218 corporis
793 3122 1034 3191 Christi
1082 3112 1520 3190 dissentirent:
1580 3116 1916 3193 veiforte
1969 3119 2158 3191 domi

195 3250 349 3299 non
389 3221 611 3294 liceret
657 3219 786 3290 illis
830 3229 1098 3318 propt'er
1138 3213 1439 3289 furorem
1475 3217 1717 3300 seducti
1766 3219 1943 3317 vulgi
1985 3212 2161 3289 aliud

194 3322 441 3409 facere,
493 3325 614 3419 ipsi
645 3315 983 3391 viderent:
1035 3318 1168 3388 Sibi
1205 3322 1414 3414 magis
1442 3318 1878 3392 commodum
1914 3314 2047 3389 esse
2075 3321 2166 3387 vi-

198 3422 369 3510 deri,
430 3440 500 3494 ut
544 3447 728 3492 causa
769 3424 842 3492 in
889 3444 975 3491 eo
1013 3418 1170 3490 loco
1217 3429 1283 3488 et
1331 3437 1529 3501 statu,
1580 3446 1716 3520 quo
1757 3446 1929 3491 nunc
1970 3412 2165 3506 esset,
2236 3437 2242 3442 ·

199 3533 539 3611 maneret,
600 3543 800 3621 quam
843 3539 913 3590 ut
966 3523 1182 3617 specie
1227 3516 1442 3615 aliqua
1489 3514 1701 3591 fucata
1759 3539 1823 3591 et
1876 3517 2169 3590 fimulata

140 3663 143 3672 ·
201 3618 562 3697 concordia
597 3639 993 3719 causam‘per
1024 3643 1092 3714 se
1124 3615 1365 3688 malam
1394 3614 1684 3692 facerent
1719 3617 2030 3718 centuplo
2062 3614 2171 3689 de·
2253 3662 2260 3669 ·

199 3728 542 3810 teriorem‚
590 3747 807 3820 neque
842 3723 1020 3791 enim
1045 3716 1423 3812 vellcoecos
1449 3719 1549 3790 vci
1590 3719 1883 3817 elingues
1919 3715 2174 3790 futuros

201 3835 540 3925 posteros,⁴
620 3826 685 3893 ui
713 3824 890 3893 hunc
928 3815 1155 3893 fu'cum
1198 3812 1447 3918 ferrent
1483 3838 1546 3898 et
1589 3846 1732 3895 non
1772 3817 2172 3918 detegerent.

202 3930 294 3997 Et
330 3926 382 3994 si
419 3847 741 3994 mundum
780 3917 1011 3993 fallere
1050 3912 1409 4018 possemus,
1462 3925 1605 4021 quis
1649 3916 1904 3997 falleret
1943 3914 2173 3994 oculos

209 4047 275 4098 et
301 4049 484 4097 aures
515 4024 796 4100 Domini
826 4023 1054 4097 onmia
1097 4016 1459 4092 audientis?
