2630 4847
2082 368 2176 453 19

188 509 390 570 „em,
431 489 781 557 comitatus
823 504 1249 585 praeceptore
1279 507 1532 561 meoet
1556 487 1809 589 aliquot
1853 491 2171 568 condisci-

187 583 398 683 „pulis
415 589 713 755 Xaucish
764 605 827 656 et
877 584 1133 683 aliquot
1160 585 1589 660 devotisfimi's
1626 598 1976 682 matroniS,
2017 592 2167 695 ¹qui-

193 686 348 770 „bus
371 711 410 755 a
489 705 758 782 portam
789 680 927 755 dixi
953 711 1187 772 causas,
1221 712 1337 758 cur
1376 685 1754 787 ingrederer
1782 701 2164 769 monasteri-

184 809 379 872 „um,
429 781 745 856 videlicet
790 805 859 856 ut
900 779 1209 857 servirem
1253 787 1404 858 Deo
1459 806 1523 859 et
1565 787 1660 861 illi
1706 793 1778 861 in
1820 805 2158 867 aeternum

185 883 585 982 „placere-m,
638 903 1045 982 etoquantum
1077 877 1337 983 possem
1380 887 1769 960 abstinerem
1820 917 1857 961 a
1882 898 2158 990 peccatis

184 984 543 1071 „omnibus
572 1010 649 1055 ac
684 987 974 1055 viverem
1013 989 1522 1081 inpoenitentia.
1622 985 1881 1063 Deinde
1910 982 2158 1065 dixi-il-
2253 1032 2257 1038 Δ

183 1083 301 1170 „lis
332 1081 523 1170 vale,
573 1087 687 1183 qui
732 1108 966 1156 omnes
1005 1110 1156 1177 cum
1200 1084 1508 1177 lacrymis
1548 1089 1716 1159 mihi
1759 1084 2156 1165 benedictio-

183 1206 377 1269 ,‚nem
467 1178 735 1258 domini
801 1182 1262 1283 precabantur,
1345 1180 1635 1285 sicque
1704 1186 2157 1287 ingredior

180 1287 873 1381 „monasterium
971 1282 1091 1357 Tu
1133 1284 1433 1358 Domine
1473 1290 1694 1374 nosti,
1724 1319 1731 1327 ·
1756 1285 1940 1385 quod
1989 1292 2153 1365 haec

181 1409 366 1469 „vera
396 1376 572 1469 sunt,
604 1408 822 1482 neque
849 1386 1060 1456 otium
1089 1383 1507 1508 q‘uaerebam,
1553 1411 1769 1485 neque
1795 1392 2003 1461 ventri
2028 1384 2155 1464 ser-

180 1487 351 1568 „vire
395 1482 673 1576 (volui,)
723 1508 940 1582 neque
984 1480 1223 1555 florere
1269 1479 1481 1582 specie
1523 1484 1736 1584 aliqua
1784 1481 2152 1577 sanctitatis,

181 1578 326 1668 „sed
371 1584 491 1654 tibi
529 1574 811 1681 placere,
858 1583 974 1653 tibi
1008 1577 1266 1668 servire,
1322 1580 1409 1654 fic
1439 1582 1827 1683 palpitabam
1857 1591 1930 1658 in
1971 1607 2150 1660 tene-

179 1682 337 1767 „bris
362 1679 784 1757 densissimis.
860 1684 1082 1753 Primo
1109 1685 1423 1757 monachi
1454 1710 1562 1755 me
1594 1678 1921 1757 ducebant·
1939 1683 2020 1757 ad
2049 1712 2148 1759 re-

177 1778 574 1881 ,ssectorimn
634 1781 852 1855 donec
898 1806 1164 1880 vespere
1222 1780 1507 1879 pulsibus
1561 1778 1819 1855 daretur
1862 1782 2144 1883 fignum.

175 1879 466 1967 „Deinde
493 1879 865 1953 deducebar
901 1876 983 1955 ad
1014 1884 1294 1953 chorum
1325 1902 1387 1953 et
1409 1879 1490 1952 ad
1514 1876 1974 1981 psalmodiam,
2022 1909 2144 1983 po·
2217 1870 2220 1878 ⁶

181 2002 340 2067 „stea
370 1980 456 2053 ad
480 1982 725 2057 cellam
758 1977 1086 2079 quandam
1127 2007 1395 2066 novam,
1445 1986 1514 2059 in
1562 2007 1686 2081 qua
1727 2001 1991 2054 stratum
2021 2009 2140 2055 no·

175 2109 363 2167 „vum
396 2101 542 2154 erat
572 2081 655 2153 de
684 2082 1092 2152 straminibus
1127 2101 1190 2151 et
1217 2074 1502 2178 pulvillis
1538 2106 1620 2152 ex
1648 2080 1956 2167 abrasuris
1984 2109 2141 2180 pan-

176 2208 448 2267 „norum
478 2183 851 2254 laneorum.
955 2183 1110 2266 Post,
1124 2205 1407 2251 coenam
1447 2185 1688 2253 iterum
1723 2206 1807 2253 eo
1836 2178 2137 2270 reducor,

175 2285 272 2367 „et
298 2301 367 2353 ut
396 2288 467 2355 in
500 2281 774 2362 vestibus
800 2275 1163 2351 dormirem
1191 2278 1687 2377 praecipiebant.
1778 2279 1934 2379 Ego
1953 2306 2136 2368 vero,

175 2385 316 2480 „qui
346 2396 458 2460 me
477 2376 764 2455 servituti
795 2398 960 2471 tuae,
976 2374 1270 2453 Domine
1284 2381 1483 2457 Deus,
1517 2375 1991 2464 dedicaveram‚
2022 2384 2135 2451 eti-

175 2509 314 2568 „am
349 2484 659 2558 volebam
702 2486 776 2553 in
805 2476 980 2553 nuda
1014 2483 1228 2552 humo
1258 2498 1323 2552 et
1351 2473 1543 2578 super
1570 2476 1787 2578 lapide
1818 2476 2129 2555 dormire.

175 2579 336 2668 „Sed
378 2583 480 2655 illi
521 2579 975 2680 prohibebant,
1017 2575 1325 2665 dicentes,
1372 2579 1543 2650 mihi
1583 2576 1695 2650 diu
1720 2574 2133 2651 serviendum

176 2678 339 2766 „esse
383 2686 719 2757 Domino.
819 2683 971 2762 Post
1025 2704 1178 2752 com
1226 2677 1565 2764 letorium,
1615 2679 1722 2749 ubi
1774 2676 2010 2776 finguli
2061 2674 2131 2748 fe

176 2779 289 2867 „ad
314 2779 423 2855 sua
446 2784 761 2856 stramina
787 2781 1160 2876 composuis
1194 2797 1330 2864 ent,
1375 2803 1505 2875 ego
1551 2802 1672 2874 per
1701 2779 1935 2848 horam
1976 2802 2131 2877 pro-

175 2902 429 2966 „stratus
462 2889 541 2955 in
567 2906 805 2980 genua,
849 2872 1401 2952 commendabam
1434 2881 1627 2948 anxia
1655 2880 1956 2974 oratione
1994 2881 2129 2947 hoc

175 3006 430 3067 „meum
461 3005 720 3057 novum
750 2982 1110 3052 institutum
1137 2969 1254 3049 tibi
1284 2977 1612 3072 Domino,
1644 2976 2014 3062 Deo*me0‚
2063 2996 2127 3047 te

176 3084 386 3175 ,buius
415 3088 516 3160 rei
541 3087 949 3179 inceptorem
977 3072 1292 3162 futurum,
1341 3093 1406 3147 te
1436 3075 1702 3147 orabam
1735 3071 1866 3147 esse
1893 3077 2128 3174 guber·
2215 3149 2220 3156 ,

176 3201 550 3266 „natorerm
610 3199 677 3254 te
711 3181 882 3250 mihi
923 3176 1395 3249 constituebam
1439 3175 1798 3273 praelatum
1838 3195 1901 3246 et
1952 3201 2123 3245 sum·
2187 3173 2194 3178 ’

175 3303 393 3365 „mum
423 3281 905 3383 praepositum3
955 3297 1023 3348 tu
1064 3302 1176 3348 me
1205 3270 1541 3372 dirigeres,
1590 3303 1676 3347 ne
1721 3271 1879 3373 quid
1913 3270 2126 3442 defi?-

174 3407 432 3466 „narem
465 3401 691 3455 contra
765 3376 1000 3450 loriam
1029 3379 1320 3447 nominis
1349 3378 1438 3446 tui
1462 3393 1524 3445 et
1537 3380 1793 3472 animae
1819 3397 2004 3443 meae
2059 3398 2123 3442 a·
2223 3377 2232 3386 ⁴

177 3478 433 3565 „lutem.
534 3403 851 3553 Tancfiem
875 3502 984 3548 me
1017 3472 1205 3549 fimul
1235 3497 1387 3547 cum
1415 3470 1683 3546 indusio
1716 3474 1906 3544 laneo
1928 3490 1991 3542 et
2026 3489 2120 3542 tu-

177 3572 354 3666 ,','nica
389 3577 661 3656 seculari
703 3575 1186 3676 componebam
1236 3580 1309 3647 in
1348 3571 1657 3648 lectulum
1695 3569 2116 3655 dormiturus,

179 3700 279 3766 „et
316 3708 439 3755 oro
469 3684 838 3758 orationem
887 3670 1287 3749 dominicar'n
1324 3696 1516 3774 atque
1553 3670 1638 3743 fic
1668 3665 2114 3744 obdormisco'.

177 3783 532 3880 „Agebam‚
592 3800 665 3851 ut
714 3774 900 3876 supra
934 3772 1094 3862 dixi,
1154 3801 1402 3846 annum
1454 3776 1664 3842 aetatis
1710 3773 1853 3845 XX.
1898 3793 2114 3868 neque

180 3882 494 3964 „videram
535 3877 830 3977 regulam
868 3896 976 3948 aut
1018 3880 1294 3948 instituta
1337 3875 1853 3960 monachorum,
1901 3881 2114 3966 neque

177 3978 564 4072 „audieram
611 4004 776 4079 quae
808 3972 968 4053 esset
987 3976 1102 4051 iun
1125 3999 1296 4052 nova
1324 3969 1580 4048 vivendi
1626 3976 1814 4148 1330,
1863 3966 1973 4044 sed
2006 3992 2111 4038 ex-
