2630 4847
604 532 609 541 .
699 474 978 546 But-erus
1012 468 1297 572 prolixe,
1338 465 1452 545 sed
1475 465 1768 547 ‘confuse'
1789 472 1937 545 satis
1968 471 2067 565 (ut
2104 467 2461 541 vehemen-

499 595 602 650 ter
622 575 764 645 *hac
802 576 1101 659 oratione
1140 572 1453 666 turbatus)
1493 576 1783 669 primum
1807 565 2193 670 persuadere
2224 567 2458 654 voluit,

500 674 672 749 nihil
686 676 1030 746 hicminus
1051 698 1246 772 quam
1262 668 1489 745 fucum
1504 667 1744 758 adesse,
1758 698 1909 743 cum
1932 689 1997 761 et
2009 695 2238 742 coram
2250 673 2460 766 magi-

496 775 809 859 stratibus,
850 777 1134 872 totisque
1156 772 1445 856 ecclesiis
1479 799 1554 855 ac
1584 776 1777 844 etiam
1800 776 1872 843 in
1897 769 2191 844 conciliis
2217 775 2461 867 superi-

498 880 629 948 oris
656 876 1063 958 Germaniae,
1081 871 1432 945 doctorum
1461 874 1882 947 conventibus
1903 876 2074 945 hanc
2101 895 2285 941 suam
2314 894 2459 940 sen-

472 978 765 1048 'tentiam
801 976 1005 1047 testati
1043 976 1172 1045 sint
1209 991 1273 1045 et
1312 990 1630 1049 testentur
1667 998 1855 1060 voce,
1897 971 2139 1056 verb0‚
2186 965 2459 1067 scripte.

492 1074 672 1148 libris
702 1090 765 1144 et
795 1072 1063 1171 publicis
1091 1072 1537 1157 concionibus.
1589 1074 1693 1145 ‘Et
1723 1075 2042 1145 recensuit
2072 1096 2237 1169 quae
2249 1072 2459 1140 Mun·
2531 1128 2535 1135 .

492 1172 893 1247 sterensibus
936 1175 1271 1271 superiore
1320 1198 1523 1259 anne,
1572 1177 1733 1245 item
1765 1172 2148 1245 Abrincensi
2179 1172 2314 1242 hoc
2339 1196 2458 1240 an-

489 1300 583 1347 no
623 1266 1072 1370 respondisset.
1167 1270 1531 1344 Declaravit
1571 1267 1845 1362 deinde,
1892 1298 1962 1344 se
2005 1274 2258 1357 inscio,
2304 1274 2454 1341 imo
2495 1310 2502 1316 -

535 1373 899 1457 rohibente‚
946 1369 1370 1470 epistolarum
1394 1371 1685 1470 Zuinglii
1717 1392 1778 1444 et
1806 1368 2305 1469 Oecolampadii
2335 1394 2458 1440 vo-

486 1399 722 1547 lumen
780 1470 1156 1570 vulgatum:
1214 1468 1574 1572 neque‘id‚
1633 1469 1818 1571 quod
1880 1466 2293 1570 praefixisset
2346 1490 2456 1560 ty-

486 1574 900 1674 pographus,
943 1566 1415 1683 praefationem
1458 1566 1614 1658 esse,
1660 1570 1774 1643 sed
1817 1571 2185 1671 epistolam,
2235 1569 2454 1665 longe

484 1678 559 1745 in
592 1670 767 1744 aliud
809 1676 1028 1769 priore
1069 1697 1247 1744 anno
1292 1668 1376 1742 ad
1425 1668 1740 1770 quosdam
1773 1668 2091 1769 scriptam,
2136 1672 2245 1741 ubi
2278 1668 2451 1739 nihil

484 1777 701 1845 minus
742 1767 1153 1857 somniasset,
1197 1796 1395 1869 quam
1442 1768 1622 1870 quod
1660 1775 2165 1871 unquamtypis
2205 1766 2448 1840 excudi

486 1890 549 1944 et
586 1870 838 1970 vulgari
882 1867 1167 1958 deberet,
1215 1890 1278 1941 et
1318 1874 1573 1943 retorsit
1615 1890 1747 1942 tam
1791 1877 1929 1970 ipse
1972 1897 2170 1969 quam
2201 1874 2444 1967 Capito

484 1976 713 2046 omnia
745 1976 814 2042 in
842 1968 1417 2070 typographorum
1455 1976 1784 2044 avaritiam
1816 1991 1884 2044 ct
1905 2060 1910 2065 ι
1928 1970 2446 2071 improbitatem.

677 2186 994 2257 Lutbcrus
1028 2187 1264 2255 iterum
1296 2210 1426 2281 pro
1468 2208 1587 2265 suo
1631 2211 1820 2257 more
1851 2182 2153 2267 ardenter
2192 2194 2438 2287 exegit,

386 2380 391 2385 ,
481 2306 550 2360 ut
577 2289 858 2357 omnino
887 2301 995 2354 aut
1024 2281 1253 2369 solida,
1292 2306 1400 2355 aut
1433 2283 1610 2363 nulla
1642 2284 1821 2367 fieret
1851 2283 2228 2359 concordia.
2330 2290 2439 2360 Ad

481 2381 660 2486 quod
731 2384 845 2456 sibi
920 2380 1123 2455 videri
1191 2381 1326 2456 duo
1377 2431 1380 2440 ·
1409 2389 1752 2483 praecipue
1830 2382 1980 2460 fore
2047 2385 2434 2481 necessaria,

475 2492 790 2587 primum,
834 2504 911 2556 ut
944 2481 1263 2555 diversam
1304 2488 1799 2558 sententiam‘ab
1841 2514 1937 2574 ea,
1983 2515 2147 2587 quae
2188 2494 2435 2565 Christi

475 2605 538 2661 et
566 2583 1040 2683 Apostolorum
1067 2611 1142 2655 ac
1155 2583 1485 2656 Ecclesiae
1514 2581 1706 2676 esset,
1755 2613 1950 2684 quam
1981 2591 2286 2662 hactenus
2315 2589 2434 2665 do-

474 2713 642 2776 cere,
690 2684 1038 2771 inculcare,
1089 2703 1151 2757 et
1197 2681 1580 2785 persuadere
1617 2693 1834 2759 conati
1863 2684 2162 2778 fuissent,
2209 2718 2433 2765 recan-

470 2805 679 2861 tarent
717 2805 778 2858 et
818 2805 1199 2858 revocarent
1234 2784 1514 2883 publice.
1611 2785 1874 2857 Deinde
1919 2815 2138 2860 veram
2176 2812 2432 2865 senten·

470 2894 630 2960 tiam
695 2883 934 2957 exinde
992 2884 1413 2957 concorditer
1469 2885 1814 2958 nobiscum
1879 2885 2213 2962 docerent.
2346 2899 2431 2966 Se

470 2992 649 3059 enim
677 3011 821 3056 non
849 2981 1037 3082 posse
1076 3010 1218 3056 non
1249 2990 1566 3062 exsecrari
1600 2993 1940 3059 sententias
1973 2990 2108 3061 illas
2133 2993 2428 3091 zuinglii

434 3175 439 3178 .
467 3106 531 3161 et
555 3079 1053 3183 Oecolampadii
1084 3082 1166 3155 de
1192 3084 1501 3183 originali
1526 3107 1796 3183 peccato
1828 3084 2038 3187 deque
2063 3115 2431 3167 sacramen-

464 3208 556 3259 to,
656 3187 741 3256 Et
772 3204 1017 3256 exstare
1044 3181 1257 3255 adhuc
1278 3211 1359 3256 ac
1386 3185 1632 3285 vulgari
1668 3213 1900 3261 eorum
1926 3188 2325 3276 librisvoces
2347 3194 2423 3265 il-

432 3289 595 3360 las:
658 3286 896 3380 ,Deus
948 3288 1484 3383 impanatus:
1549 3291 1768 3372 Caro
1833 3315 2003 3360 non
2068 3291 2423 3387 prodest

461 3390 902 3486 quicquam
950 3379 1040 3474 sc.
1085 3388 1463 3458 Christi:
1510 3389 1668 3460 hoc
1716 3383 2173 3486 significat
2229 3419 2420 3465 cor-

343 3484 347 3488 ’
408 3510 604 3587 -pus
651 3511 965 3573 meum,
1015 3491 1064 3560 i.
1109 3511 1166 3561 e.
1212 3491 1617 3585 corporis
1668 3494 1832 3559 mei
1878 3485 2195 3588 ligura,
2241 3512 2305 3565 et
2336 3499 2419 3565 si-

458 3585 669 3678 miles,
706 3611 871 3685 quae
895 3611 1131 3659 omnes
1159 3582 1227 3657 id
1264 3584 1544 3659 vellent:
1589 3590 1781 3659 Pani
1801 3613 1831 3658 s
1885 3614 2201 3662 coenae
2246 3619 2416 3678 non

459 3704 584 3760 est
648 3707 950 3785 corpus
992 3719 997 3724 ,
1023 3688 1278 3758 Chris
1300 3690 1412 3764 tiz*
1487 3690 1790 3761 Vinum
1851 3714 2174 3763 ,coenae
2241 3719 2418 3767 non

459 3813 537 3859 es
557 3805 582 3857 t
626 3791 966 3883 sanguis
1013 3789 1358 3860 Christi.
1453 3789 1552 3859 Ut
1577 3806 1648 3858 ut
1684 3796 2191 3890 personasipsas
2228 3817 2416 3868 com.

457 3890 758 3992 mitterer
777 3885 1002 3976 divino
1035 3882 1310 3980 judicio:
1377 3905 1599 3968 tamen
1629 3887 2051 3988 blasphemias
2077 3895 2192 3967 has
2218 3892 2410 3970 nullo

455 3982 669 4071 modo
700 3982 915 4087 posset
942 4009 1084 4067 non
1130 3993 1453 4074 exsecrari
1487 4007 1551 4062 et
1584 3983 1911 4067 damnare.
