2630 4847
869 1264 1036 1367 Pr
1074 1262 1710 1401 alesatio„

263 1482 680 1654 Suntsqui
727 1562 956 1628 seriori
1004 1584 1167 1630 aevo
1225 1580 1286 1630 et
1336 1557 1551 1630 multo
1588 1578 1739 1657 post
1786 1558 2038 1661 obitum
2095 1555 2251 1631 id'eo

262 1683 488 1785 potxss
494 1712 679 1757 mum
764 1708 1112 1786 perpetuos
1189 1710 1251 1761 et
1314 1694 1610 1760 maxime
1686 1672 1975 1787 insignes
2039 1668 2290 1792 adepti

257 1821 390 1887 sint
450 1820 744 1887 nominis
792 1820 1121 1907 honores,
1184 1816 1407 1931 quod,
1484 1844 1648 1917 quae
1705 1813 1891 1889 felici
1958 1807 2255 1916 quodam

258 1951 574 2053 temporis
624 1968 974 2020 momento
1025 1969 1249 2021 mente
1296 1969 1736 2049 conceperant
1801 1969 1868 2020 et
1928 1954 2266 2059 cogitave-

218 2062 646 2163 '‘1·a11t‚licet
698 2078 780 2148 ab
833 2078 1212 2176 aequalibus
1266 2079 1569 2178 neglecta
1625 2101 1821 2181 atque
1882 2077 2054 2152 haud
2087 2106 2271 2177 raro

166 2295 183 2303 ἃ
262 2212 625 2278 contemtui
678 2209 926 2294 habita,
978 2214 1014 2279 a
1066 2214 1343 2307 posteris
1392 2208 1666 2319 demum
1722 2208 1924 2319 digna
1988 2213 2113 2280 sint
2166 2216 2256 2302 ju-

252 2334 499 2423 dicata,
571 2363 736 2437 quae
787 2364 1010 2409 rerum
1061 2328 1326 2439 grav1ss
1330 2366 1589 2411 marum
1654 2360 1785 2409 tam
1839 2335 2258 2408 invenienda-

260 2494 444 2551 rum,
497 2456 695 2567 (luam
773 2457 1330 2567 suscipiendarum
1393 2490 1457 2540 et
1520 2461 2014 2570 efficiendarum
2078 2457 2299 2566 praef
2399 2526 2403 2532 .

98 2679 103 2688 θ
196 2653 199 2656 -
261 2599 491 2668 berent
540 2623 786 2669 ansam.

254 2883 258 2896 ὁ
464 2790 628 2858 Sunt
693 2814 852 2859 vero
912 2793 1106 2859 etiam
1161 2793 1280 2866 uiri
1352 2813 1472 2861 suo
1535 2765 1860 2889 tempore
1911 2785 2259 2862 laudatissi-

202 2956 209 2961 ·
256 2922 358 2989 mi
403 2938 592 3016 atque
622 2922 1128 3016 spectatissimi
1178 2943 1482 3017 quorum
1521 2915 1646 2992 vita
1722 2927 2022 3019 egregie
2043 2946 2304 3019 pera-,c

257 3068 325 3118 ta
377 3071 803 3145 quorumque
853 3052 1249 3146 praestantia
1300 3054 1369 3118 in
1423 3069 1759 3121 aeternum
1781 3047 2075 3152 colenda
2102 3069 2263 3122 tem-

256 3204 504 3277 porum
550 3183 779 3272 injuria
826 3183 897 3251 in
942 3178 1356 3269 oblivionem
1405 3181 1636 3252 abierit
1691 3169 1812 3269 it'a
1881 3202 1951 3253 ut
2002 3185 2355 3298 meritay„

260 3308 490 3406 quibus
572 3305 753 3379 haud·
830 3307 1077 3406 vulgari
1152 3307 1585 3380 inclaruerant
1652 3283 1905 3399 m‘od0‚
1962 3312 2296 3382 Lethaeis·

260 3443 452 3535 quasi
504 3424 833 3510 submersa
889 3464 1023 3509 esse
1068 3436 1406 3511 videantur
1466 3438 1677 3512 undis.
1750 3439 2020 3514 Horum
2064 3466 2102 3511 e
2149 3468 2264 3513 nu-

254 3595 454 3640 mero
507 3564 633 3641 fuit
665 3563 1024 3639 Fiidericus
1075 3570 1447 3657 Mecum
1494 3576 1603 3670 qui
1659 3569 1861 3670 vulgo
1896 3573 2298 3663 Myconius

264 3719 593 3819 vocatur,
648 3673 749 3769 vir
800 3703 970 3769 inter
1022 3723 1172 3785 eos,
1225 3704 1349 3798 qui
1400 3722 1551 3770 ante
1601 3702 1733 3771 hos
1787 3720 2109 3771 trecentos
2158 3726 2266 3770 an-

255 3855 387 3901 nos
438 3815 630 3916 sacris
683 3825 1113 3901 emendandis
1165 3827 1676 3933 saluberrimam!
1713 3828 1998 3904 tulerunt
2036 3827 2267 3928 opem,

254 3967 617 4059 praecipuo
690 3957 1026 4032 habendus
1064 3947 1284 4056 ioco:
1352 3947 1528 4052 cujus
1598 3958 2133 4042 admemoriam
2188 3959 2267 4030 ab

273 4088 836 4189 oblivionedqua
897 4091 1256 4190 premitur,
1323 4084 1828 4179 vindicanda-*1123
1893 4091 2106 4188 quum
2160 4112 2272 4158 me
2393 4107 2400 4116 ²
