2630 4847
2019 345 2069 419 ·1
2084 346 2126 420 1-

142 464 424 570 „quendi
472 473 961 546 remissionem
988 462 1406 572 peccatorum
1445 489 1510 545 et
1545 474 1745 546 vitam
1775 477 2127 547 aeternam,
2209 528 2210 533 ,
2311 492 2312 497 ’

141 595 377 739 „3uam
428 564 958 652 satisfactionem
1005 598 1121 670 per
1162 592 1381 644 nostra
1410 598 1638 671 opera,
1681 595 1875 671 quam
1907 593 2128 645 tamen

140 713 178 753 ’²

224 670 459 742 ocebat
488 667 985 769 imposfibilem
1014 667 1167 760 esse,
1200 667 1310 743 sed
1337 676 1506 744 hanc
1541 667 1751 764 solam
1776 691 2006 745 restare
2034 678 2127 745 vi*-
2208 744 2222 750 „
2281 740 2288 747 .
2371 720 2384 731 =

141 794 307 856 „am,
359 767 415 840 fi
447 797 615 842 eam
652 767 1122 843 redimeremus
1157 778 1448 862 nummis
1490 798 1528 844 a
1562 774 1873 844 Romano
1887 777 2140 859 Ponti<

138 868 296 952 „fiee
312 923 333 953 ,
412 890 483 940 et
529 867 631 940 fic
678 896 1045 967 emeremus
1102 872 1294 944 nobis
1342 871 1778 971 indulgentias
1828 871 2086 969 papales
2101 927 2123 956 ,

136 970 337 1066 „q‘uas
376 965 757 1040 definiebat
786 966 921 1042 esse
940 967 1405 1043 -remisfionem
1445 992 1864 1070 peccatorum
1898 989 1962 1042 et
1988 996 2123 1042 cer-

134 1088 312 1150 ·„tum
340 1073 416 1138 in
475 1064 742 1141 ressum
769 1073 936 1141 vitae
964 1091 1277 1142 aeternae.
1347 1069 1676 1169 Stupenda
1693 1090 1764 1142 *et
1792 1096 2002 1170 paene
2024 1075 2121 1143 im
2167 1088 2170 1091 ’

139 1164 420 1250 „credibi
454 1173 543 1239 ia·
551 1164 824 1266 possem
853 1195 1167 1256 enarrare,
1218 1195 1382 1269 quae
1409 1173 1543 1243 hoc
1570 1171 1861 1260 biennio,
1892 1172 2123 1263 (nam
2163 1260 2169 1273 Ι

138 1274 334 1366 -,',q'uo
353 1272 417 1338 ti
439 1264 527 1339 di
550 1293 595 1338 e
639 1295 678 1339 c
698 1269 1360 1364 oncionabatur,)
1388 1266 1810 1343 audierim.
1935 1288 2119 1341 uem

110 1434 115 1437 ,
142 1391 345 1469 „ego
404 1364 645 1439 adeo
707 1386 1030 1440 attente
1101 1366 1579 1456 audiebam,
1643 1388 1723 1442 vt
1789 1396 1938 1469 pos
1993 1396 2117 1441 em
2173 1368 2174 1371 '

138 1460 439 1550 „deind
462 1494 505 1539 e
588 1465 796 1539 aliis
869 1472 1283 1567 integras³
1328 1474 1851 1554 conciones,
1926 1475 2117 1567 imif-
2201 1490 2208 1501 ·

139 1562 369 1653 „jtand
391 1580 453 1639 o'
497 1571 766 1640 etiam
810 1587 1086 1667 gestus
1136 1587 1218 1640 et
1267 1594 1483 1667 pron
1509 1573 2113 1654 unciationem,

143 1658 334 1750 ‚,den
357 1692 701 1752 arrare,
751 1693 933 1740 non
970 1661 1306 1766 quidem
1356 1665 1670 1740 ludend
1692 1694 1771 1754 o,
1822 1665 1958 1739 sed
2013 1664 2115 1740 soz

144 1770 324 1848 „rio.
426 1761 817 1838 Credebam
846 1770 1023 1837 enim
1050 1768 1214 1855 haec
1238 1792 1501 1867 prorsus
1532 1763 1664 1839 esse
1694 1767 1949 1840 oracula
1968 1769 2116 1848 Dei,

146 1884 242 1948 „et
272 1863 605 1964 quicquid
626 1892 665 1937 a
690 1869 857 1964 Papa
891 1871 1273 1954 mitteretur,
1318 1868 1397 1939 ab
1423 1866 1564 1965 ipso
1592 1868 1855 1957 Christo
1885 1864 1965 1937 ad
1991 1891 2114 1938 nos

146 1971 549 2062 „pervenire.
651 1963 967 2037 Tandem
994 1962 1237 2038 eodem
1263 1993 1454 2039 anno
1471 1973 1637 2038 citca
1669 1968 2113 2038 Pentecostem

147 2069 487 2152 „minatum
542 2060 615 2137 se
648 2060 1094 2164 depositurum
1123 2092 1383 2140 crucem
1401 2123 1423 2154 ,
1468 2066 1832 2147 clausurum
1873 2090 2114 2164 apertas
2215 2130 2218 2137 s

147 2164 352 2246 „coeli
382 2171 642 2259 januas,
673 2189 892 2264 neque
914 2160 1232 2254 futurum,
1277 2187 1348 2239 ut
1372 2171 1499 2239 vita
1516 2186 1770 2259 aeterna
1805 2170 2111 2237 et'remis-

149 2259 273 2345 „fio
315 2285 755 2362 peccatorum
794 2265 1066 2363 posthac
1107 2286 1241 2339 tam
1280 2267 1412 2339 vili
1438 2271 1647 2365 pretio
1692 2268 1915 2337 haberi
1927 2316 1930 2321 -
1963 2286 2110 2362 pos-

149 2357 352 2446 „sente
384 2370 633 2465 *neque
664 2361 848 2464 spem
877 2359 1034 2453 esse,
1083 2363 1262 2465 quod
1292 2364 1837 2440 tantafliberalitas
1871 2368 2111 2437 Roma-

153 2489 301 2547 „nae
316 2460 489 2537 sedis
526 2472 602 2537 in
633 2469 1055 2542 Germaniam
1085 2493 1370 2566 vnquam
1402 2464 1559 2538 dum
1591 2487 1778 2539 staret
1808 2463 2108 2551 mundus,

153 2560 351 2646 „esset
389 2564 706 2652 reditura,
753 2566 1126 2655 hortabatur
1162 2587 1230 2639 vt
1270 2565 1535 2639 haberet
1575 2572 1842 2665 quisque
1870 2561 2015 2635 suae
2049 2585 2110 2636 et

153 2657 450 2745 „suorum
541 2687 958 2738 mortuorum
1034 2671 1293 2736 animae
1360 2662 1571 2737 salutis
1647 2671 1992 2746 rationem,
2011 2701 2109 2732 --.-

155 2787 405 2843 „nunc
463 2761 643 2836 esse
695 2762 912 2836 diem
972 2759 1300 2851 salutis,
1343 2783 1939 2860 nunc-tempus
1981 2787 2108 2833 ac-

155 2864 628 2959 „ceptabile.
758 2867 970 2954 (Ach
1051 2860 1471 2937 verseume
1513 2869 1620 2958 ⁶3²
1711 2869 1793 2936 ni
1814 2860 2105 2935 emand
2135 2937 2152 2952 ‚

156 2954 468 3045 „seiner
524 2962 827 3036 Seelen
868 2963 1391 3063 Seligkeitl)
1613 2979 1616 2980 *
2059 2961 2065 2968 ’

157 3264 161 3267 .
256 3185 283 3270 ‘v
334 3171 528 3265 „Nisi
566 3181 745 3249 enim
775 3178 1072 3250 habueris
1120 3177 1338 3251 literas
1368 3184 1597 3279 Papae,
1645 3179 1681 3251 a
1713 3177 1931 3251 multis
1959 3205 2108 3278 pec·
2201 3189 2236 3258 f

162 3278 339 3355 „catis
379 3299 444 3350 et
482 3278 725 3349 casibus
757 3274 1089 3372 *reservatis
1115 3305 1256 3350 non
1305 3285 1550 3378 poteris
1587 3308 1623 3352 a
1654 3284 1967 3378 quopiam
2000 3280 2107 3350 ab·

161 3365 379 3455 „solvi-
484 3375 930 3478 Affigebantur
952 3379 1213 3477 ‘publice
1243 3379 1439 3450 valvis
1484 3401 1547 3451 et
1573 3380 1916 3477 parietibus
1948 3377 2107 3450 tem-

161 3471 463 3567 „plorum
490 3476 716 3549 literae
756 3473 1125 3577 impressae,
1179 3483 1248 3550 in
1280 3480 1507 3577 quibus
1547 3478 1992 3565 mandabatur,
2039 3495 2107 3549 vt

160 3573 262 3654 „in
295 3572 847 3674 significationem
875 3584 1225 3677 gratiarum
1261 3584 1533 3653 actionis
1560 3579 1819 3672 alicujus
1850 3587 1973 3675 ΡΨ
1997 3573 2107 3649 de-

165 3679 461 3772 „votione
502 3677 734 3779 populi
774 3682 1146 3751 Germanici
1199 3677 1425 3751 literae
1475 3676 1983 3776 indulgentiales
2044 3695 2108 3747 et

164 3770 477 3865 „plenaria
511 3779 639 3873 illa
689 3798 1000 3878 potestas,
1076 3786 1218 3860 non
1261 3797 1443 3851 tanto
1489 3804 1687 3867 auro,
1714 3792 1979 3877 ‘quanto
2037 3782 2107 3847 in

169 3876 545 3974 „priucipim
594 3876 703 3952 sed
733 3875 987 3954 minori·
1067 3884 1238 3955 retio
1273 3876 1721 3958 venderentur.
1821 3875 1906 3958 Et
1933 3871 2108 3948 infi-

168 3995 280 4052 „ne
322 3997 452 4053 erat
509 3974 897 4072 adiunctum‘
938 3906 1243 4055 inferiori
1281 3985 1528 4081 spatio,
1604 3977 2107 4080 pauperibus
