2630 4847
526 455 653 502 rus.
751 424 887 499 Ubi
916 428 1124 524 rogati
1158 420 1399 524 singuli
1428 421 1768 497 sententias
1811 420 2135 512 dixerunt,
2184 428 2462 498 Pomera·

526 556 665 621 nuS,
689 531 910 617 Jonas,
957 529 1372 623 CrucigeruS,
1421 524 1780 610 Wellerus,
1821 526 2175 625 Philippus,
2218 530 2462 599 Meuius

527 653 591 703 et
649 655 780 728 ego
838 624 1200 699 Fridericus
1242 626 1638 717 Myconius,
1701 626 1791 695 ibi
1835 623 2100 698 tandem
2139 651 2247 698 res
2298 623 2465 699 ondi-
2551 710 2552 713 Ἴ

527 756 673 803 mus
704 731 890 828 quasi
920 754 1055 798 uno
1086 751 1238 796 ore:
1279 727 1350 795 Si
1374 729 1460 797 ita
1489 741 1560 797 ut
1592 720 1872 796 confesfi
1900 748 2100 814 erant,
2124 652 2324 799 cotge
2343 753 2464 797 cre-

476 918 477 923 *
526 827 777 914 derent,
795 853 909 900 ore
940 822 1427 917 confiterentur,
1464 845 1656 923 atque
1685 824 2017 899 ecclesiam
2045 829 2211 898 haec
2239 823 2465 909 eadem,

524 933 660 1005 hoc
709 954 789 999 ue
816 921 1028 997 modo
1062 922 1398 1010 docerent,
1446 940 1638 1024 atque
1664 921 1904 997 deinde
1944 923 2200 1011 docere
2223 925 2465 1013 vellent,

524 955 812 1103 dandam
840 1024 976 1097 illis
1008 1049 1239 1122 pacem
1269 1019 1425 1098 esse.
1523 1029 1776 1096 Verum
1808 1022 2021 1098 adhuc
2051 1025 2257 1099 semel
2285 1012 2467 1124 expli·

526 1149 665 1203 cate
705 1125 834 1197 illis
877 1140 1270 1224 exponeret:
1321 1128 1428 1196 An
1479 1128 1675 1203 etiam
1719 1122 1909 1197 illum
1953 1131 2173 1225 ipsum
2214 1151 2469 1226 panem,

528 1233 638 1331 qui
681 1254 717 1297 a
749 1229 1050 1309 ministro
1080 1226 1323 1297 Christi
1363 1250 1514 1297 eum
1549 1224 1773 1311 'verbis
1817 1229 2204 1301 instituentis
2248 1229 2465 1298 Christi

524 1326 839 1431 indignis,
885 1343 957 1397 ut
996 1344 1183 1397 vocat
1229 1323 1497 1419 PauluS,
1546 1321 1767 1413 datur,
1818 1346 1882 1398 et
1920 1328 2001 1399 ab
2037 1331 2137 1399 eis
2186 1331 2470 1414 sumitur,

524 1438 677 1504 vere
700 1421 1024 1500 fateantur
1054 1420 1186 1497 esse
1217 1420 1451 1524 corpus
1479 1426 1740 1497 Christi.
1828 1427 2007 1500 Sicut
2050 1452 2207 1500 vere
2239 1446 2339 1498 est
2364 1451 2468 1497 no·

525 1526 689 1604 men
712 1529 1019 1613 Domini,
1052 1521 1240 1624 quod
1265 1520 1507 1623 impius
1539 1528 1767 1597 contra
1796 1523 2153 1600 secundum
2192 1551 2468 1627 praecep·
2563 1614 2564 1617 Ἴ

524 1651 667 1704 tum
694 1625 946 1701 tabulae
970 1629 1221 1725 primae
1246 1626 1515 1716 Moysis
1554 1627 1782 1722 accipit
1823 1630 1895 1699 in
1937 1631 2213 1700 sianum:¹
2261 1629 2469 1723 Neque

524 1730 601 1803 fit
631 1754 773 1801 non
796 1752 1052 1799 nomen
1076 1727 1356 1800 Domini
1386 1750 1467 1820 ex
1500 1729 1632 1816 ejus
1649 1723 1866 1798 abusu.
1967 1730 2053 1799 Et
2095 1725 2299 1815 Judas
2339 1748 2468 1796 vere

523 1826 935 1928 amplexatur
987 1831 1058 1896 in
1095 1827 1296 1897 horto
1357 1827 1729 1910 Christum,
1794 1845 1858 1899 et
1914 1827 2255 1900 osculatur
2304 1852 2474 1897 eum:

464 2018 467 2021 Ι
520 1933 759 2029 Neque
790 1925 864 1999 fit
896 1951 1038 1997 non
1056 1928 1349 1996 Christus
1367 1951 1449 1995 ex
1472 1937 1651 1995 tanto
1677 1924 1872 1998 abusu
1907 1949 1968 1999 et
1994 1926 2341 2006 traditione
2364 1920 2467 1995 im-
2563 2004 2564 2009 ἵ

522 2029 830 2130 piistima,
868 2047 991 2097 etc.
1084 2025 1292 2096 Tunc
1322 2021 1632 2123 regressis
1667 2025 1881 2117 nobis,
1931 2048 1995 2099 et
2036 2027 2343 2099 omnibus
2387 2050 2466 2115 re-

452 2128 465 2135 *
524 2126 874 2204 sidentibus
887 2179 906 2217 ,
958 2127 1274 2197 Lutherus
1319 2129 1546 2198 omnia
1577 2149 1722 2199 non
1765 2131 1904 2198 sine
1944 2132 2204 2225 ingenti
2242 2128 2468 2224 spiritus
2563 2148 2564 2155 ¹

521 2229 866 2316 alacritate,
915 2251 1081 2324 quae
1123 2229 1321 2296 etiam
1362 2249 1445 2295 ex
1477 2223 1684 2295 oculis
1725 2245 1790 2298 et
1812 2246 1958 2299 toto
1985 2227 2167 2300 vultu
2213 2224 2469 2325 resplen-

526 2328 701 2417 duit,
754 2330 1089 2397 recensuit.
1189 2326 1328 2396 Ubi
1370 2349 1523 2395 cum
1562 2319 1635 2393 id
1670 2323 1851 2422 quod
1892 2353 1992 2399 res
2034 2333 2175 2427 ipsa
2222 2346 2340 2399 est:
2377 2338 2468 2423 pa‘·

450 2459 461 2474 “
523 2458 679 2504 nem
715 2454 949 2525 corpus
971 2430 1213 2498 Christi
1259 2451 1343 2498 ex
1389 2428 1679 2523 potentia
1726 2448 1789 2497 et
1830 2432 2061 2500 virtute
2106 2416 2467 2502 instituentis

524 2534 765 2602 Christi
819 2549 882 2599 et
924 2524 1208 2597 dicentis
1256 2523 1473 2597 divina
1514 2530 1860 2617 majestate,
1888 2523 2299 2615 faterentur,
2348 2530 2467 2614 sive

412 2689 417 2695 ,
519 2630 778 2728 indigni
809 2629 1165 2713 abutantur,
1216 2631 1353 2698 sive
1378 2622 1563 2724 digni
1583 2643 1838 2698 utantur
1868 2627 2015 2715 illo,
2064 2656 2296 2727 pacem
2315 2621 2469 2704 dedit

523 2753 585 2803 et
613 2721 907 2825 accepia*
940 2723 1238 2826 factaque
1270 2734 1453 2818 estet'
1479 2729 1716 2816 sancita
1745 2732 1912 2800 inter
1943 2755 2065 2801 nos
2102 2746 2466 2828 praesentes,

521 2826 901 2902 concordia.
999 2832 1442 2924 Proruperunt
1479 2828 1810 2910 lacrymae
1843 2833 2156 2927 Capitoni
2205 2850 2271 2902 et
2298 2833 2470 2899 Buce·

521 2957 623 3015 ro,
670 2949 730 2999 et
758 2933 1058 3024 utrinque
1085 2926 1453 2998 cancellatis
1480 2928 1778 2999 manibus
1804 2949 1867 3004 et
1894 2932 2176 3027 gestibus
2202 2936 2322 3029 piis
2339 2931 2465 2997 Deo
2562 2979 2564 2988 ,

520 3032 1057 3128 ἓωῑίθεεὲῐιιιυε.
1158 3029 1247 3097 Et
1269 3023 1416 3119 jusfi
1441 3046 1586 3098 sunt
1616 3025 1969 3125 prudenter
2000 3052 2063 3101 et
2107 3036 2346 3103 sensim
2390 3022 2467 3095 di·
2524 3092 2527 3098 ,

416 3147 417 3150 ’
455 3164 465 3170 “
519 3124 767 3202 versam
796 3131 1206 3213 sententiam,
1256 3131 1308 3198 si
1338 3124 1551 3199 adhuc
1585 3133 1656 3198 in
1695 3127 1988 3202 aliorum
2014 3121 2318 3205 cordibus
2341 3131 2466 3206 hae-

516 3250 722 3312 reret,
775 3232 1105 3314 eximere,
1153 3225 1216 3298 et
1254 3229 1425 3299 hanc
1467 3247 1706 3299 certam
1748 3248 1813 3300 et
1837 3256 2058 3301 veram
2103 3233 2465 3303 sententiani

516 3328 826 3401 Ecclesiis
871 3353 1270 3425 proponere,
1320 3345 1382 3399 et
1425 3348 1736 3424 quantum
1769 3333 2036 3428 Spiritus
2067 3331 2343 3403 Domini
2366 3320 2465 3396 ad-

514 3435 755 3522 juvaret
781 3428 1231 3500 infirmitatem
1262 3447 1577 3524 nostram,
1625 3428 1796 3500 clare
1829 3441 2206 3527 exponere.‘
2287 3417 2465 3526 Qod

513 3534 568 3599 si
613 3533 777 3599 haec
820 3539 993 3614 vox,
1042 3532 1236 3625 impii
1277 3533 1599 3626 accipiunt
1643 3555 1869 3600 verum
1911 3555 2160 3628 corpus·
2201 3528 2465 3609 Christi,

512 3626 685 3725 apud
725 3653 898 3716 suos,
958 3624 1220 3699 rudibus
1272 3627 1708 3720 intolerabilis
1751 3628 2110 3716 videretur„
2159 3646 2467 3703 uterentur

509 3733 774 3800 interim
801 3755 895 3815 ea,
945 3755 1067 3827 qua
1089 3727 1315 3800 Paulus
1350 3753 1495 3799 usus
1526 3746 1651 3814 est,
1702 3727 2056 3827 Indignus:
2090 3758 2314 3802 verum
2344 3748 2465 3798 rem

508 3833 717 3924 ipsam
753 3828 1173 3926 explicarent,
1224 3832 1357 3899 sive
1385 3825 1673 3910 dicerent
1697 3829 1821 3927 pro
1854 3835 2093 3925 impiis,
2147 3823 2467 3902 increduli.

507 3929 719 3997 Darae
763 3947 910 4001 sunt
953 3926 1217 4018 dextrae
1265 3933 1567 4028 utrinque
1613 3947 1676 3999 et
1720 3927 2118 4003 discessimus
2158 3929 2238 4002 ad
2268 3945 2498 4003 nostra

430 4116 439 4126 δ
505 4028 808 4127 hospitia.
902 4031 915 4036 “
1118 4031 1151 4040 ’ἢ
2311 4047 2316 4054 ’
