2630 4847
548 337 682 411 46-
1911 396 1916 411 2
1947 385 1973 417 .
2391 402 2394 405 ,

544 482 826 551 testetur,
842 465 1247 556 Myconium
1275 463 1410 535 hoc
1434 456 1642 535 fuis-se
1666 465 1919 548 anim0,
1950 480 2022 533 ut
2035 466 2088 532 si
2107 480 2242 535 tem
2293 459 2512 533 oribus

544 586 841 639 veterum
885 566 1390 649 Romanorum,
1457 563 1685 659 quibus
1732 560 1811 633 ab
1849 566 2161 659 ingenio,
2260 581 2514 646 ortuna,

546 666 771 745 habitu,
808 667 1139 762 corporis,
1207 663 1396 739 rebus
1437 664 1666 760 gestis,
1732 662 2093 734 honoribus
2146 681 2339 759 atque
2374 659 2514 731 aliis
2555 730 2594 743 ,,

548 762 867 857 ejusmodi
920 764 1104 837 rebus
1147 781 1560 834 accreverunt
1599 767 1904 849 nomina,
1952 755 2234 848 yixisset,
2282 759 2513 859 dignus

545 864 696 938 sane
718 860 938 936 fuisset
962 863 1235 948 habitus,
1252 867 1426 954 cujus
1453 865 1714 933 nomini
1742 881 1806 933 et
1837 865 2255 959 cognomini,
2290 887 2513 958 quam·
2593 894 2594 897 ¹

542 972 638 1039 vis
680 992 823 1039 non
862 966 1161 1049 maximi,
1210 981 1273 1033 at
1311 956 1736 1059 summopere
1783 959 2161 1049 venerandi,
2209 986 2364 1032 vere
2402 965 2512 1074 pii,

526 1061 809 1159 ¹facundi
837 1080 1030 1161 atque
1056 1060 1232 1135 haud
1270 1060 1517 1160 vulgari
1547 1061 1842 1134 bonitate·
1863 1080 1927 1132 et
1966 1058 2289 1143 modestia
2319 1065 2511 1158 inlig-

542 1165 642 1241 n'is
687 1168 810 1236 viri
856 1161 1165 1261 elogium
1197 1166 1759 1259 interponeretur3
1824 1161 1903 1232 ab
1944 1160 2266 1255 ejusmodi
2308 1162 2511 1232 animi

541 1261 771 1351 indole
800 1288 1061 1361 prorsus
1086 1263 1543 1348 abhorruisset,
1591 1256 1850 1335 fi‘vitae
1897 1261 2186 1360 publicae
2229 1265 2509 1359 egregiis

539 1361 722 1436 factis
770 1388 906 1435 non
957 1366 1240 1461 privatae
1284 1386 1555 1460 quoque
1601 1380 1794 1460 atque
1838 1357 2238 1436 domesticae
2266 1364 2506 1457 insigni

539 1461 752 1561 modo
795 1459 1197 1537 accesfissent
1238 1480 1650 1559 ornamenta.
1743 1464 1851 1534 rUt
1888 1488 2046 1537 vero
2093 1466 2254 1535 haec
2297 1461 2507 1559 legiti-

535 1590 797 1641 marum
843 1568 1215 1662 nuptiarum
1255 1558 1645 1635 solennitate
1694 1565 2272 1660 inaugurarent-ur,
2329 1586 2504 1633 auno

533 1667 927 1737 MDXXVI.
968 1659 1537 1760 auspicatisfimum
1599 1659 1820 1735 adesse
1881 1661 2155 1737 credidit
2212 1682 2504 1759 tempuS,

526 1778 672 1866 quo
720 1766 1010 1849 Lutheri,
1061 1767 1441 1860 primicerii,
1491 1760 1905 1860 aliorumque
1937 1763 2256 1836 ecclesiae
2300 1756 2503 1840 refor-

534 1886 892 1951 matorum,
927 1889 1210 1961 quorum
1252 1867 1452 1939 etiam
1479 1866 1911 1937 matrimoniis
1939 1858 2241 1961 discessus
2269 1891 2308 1934 a
2341 1867 2502 1935 Pon-

506 1965 886 2039 'titiciorum
918 1963 1202 2061 partibus
1244 1962 1687 2048 confirmatus,
1714 1965 1866 2057 (tt.)
1910 1990 2139 2062 resque
2190 1956 2508 2071 emenda-⁸

530 2086 753 2138 torum
802 2059 1134 2153 sacrorum
1186 2057 1320 2161 ipsa
1376 2067 1617 2134 mirum
1664 2068 1734 2134 in
1785 2061 2068 2137 modum
2134 2083 2316 2137 aucta
2378 2074 2499 2147 est,

528 2162 919 2263 exemplum
963 2156 1230 2248 secutus,
1278 2162 1725 2260 conjugalibus
1768 2168 2334 2262 teneri'inciperet
2371 2168 2500 2235 vin·

528 2265 712 2338 culis.
811 2266 1019 2334 Duxit
1049 2267 1246 2361 igitur
1280 2288 1587 2349 uxorem,
1638 2287 1779 2335 non
1817 2261 2085 2360 quidem
2138 2264 2403 2351 illustri,
2440 2283 2500 2334 at

526 2363 674 2439 satis
712 2367 991 2437 honesto
1019 2362 1179 2435 loco
1211 2358 1461 2452 ortam3
1502 2360 1585 2436 de
1617 2369 1955 2461 quo-vitae
1999 2385 2236 2439 eventu
2270 2370 2343 2438 in
2374 2368 2496 2456 ejus

525 2468 968 2562 Autographo
997 2488 1144 2562 pag.
1182 2468 1299 2537 73.
1339 2467 1503 2535 haec
1539 2463 1869 2561 leguntur.
1975 2471 2224 2550 „Anno
2256 2462 2494 2539 eodem

524 2567 1029 2664 υ(ΜΒΧΧΧῘΒ)
1074 2567 1255 2657 (uu.)
1290 2565 1480 2663 ego,
1527 2559 1889 2636 Fridericus
1938 2566 2329 2659 MyconiuS,
2380 2568 2496 2637 Ec-

523 2666 801 2755 „clesiae
831 2667 1175 2736 Gothanae
1207 2668 1450 2750 Pastor,
1503 2661 1659 2734 duxi
1686 2671 1971 2736 uxorem
1997 2685 2076 2743 ,et
2112 2671 2376 2764 nuptias
2401 2693 2496 2738 ce-

522 2764 813 2856 „lebr'avi
850 2792 1000 2836 cum
1035 2767 1307 2836 honesta
1336 2769 1591 2863 virgine
1605 2766 1988 2861 Margarita,
2006 2765 2493 2844 Bartholomaei

522 2868 884 2956 „Jackenii,
934 2856 1453 2957 (civis'Go'thani)
1470 2863 1605 2935 filia
1633 2867 1700 2953 (v
1717 2869 1829 2957 v.),
1878 2890 1964 2936 ex
1992 2893 2117 2965 qua
2143 2892 2393 2939 novem
2422 2867 2493 2939 li-

523 2967 761 3054 „beros
795 2959 1054 3061 suscepi,
1107 2989 1396 3061 quorum
1423 2966 1555 3036 hoc
1581 2989 1758 3034 anno
1802 2991 1824 3036 1
1842 2965 2006 3039 542.
2035 2965 2247 3038 adhuc
2272 2987 2491 3065 quatu-

522 3085 653 3156 „or
698 3068 920 3140 vivunt
964 3065 1068 3157 (w
1088 3067 1235 3157 wa),
1286 3088 1456 3161 quos
1485 3064 1602 3134 tibi
1644 3065 1977 3156 Domine,
2023 3069 2173 3154 Jesu
2212 3071 2491 3154 Christe,

504 3273 507 3276 ,
592 3221 636 3289 (t
650 3218 709 3284 t)
751 3215 1113 3286 Quantopere
1139 3216 1253 3272 vita
1274 3216 1491 3286 privata
1518 3225 1572 3270 et
1600 3195 1876 3286 coniugali
1920 3219 2179 3274 ecclesiae
2203 3221 2487 3276 reforma-

655 3295 847 3338 torum
877 3302 967 3338 res
995 3281 1110 3355 ipsa
1136 3283 1561 3340 emendatorum
1584 3283 1874 3342 sacrorum
1909 3289 2096 3356 adjuta
2136 3291 2225 3354 sit,
2264 3296 2482 3362 egregie

655 3350 903 3425 exposuit
925 3351 1208 3410 Johannes
1238 3354 1506 3424 Georgius
1546 3355 1832 3421 Mullerus,
1871 3358 2035 3411 Tom.
2073 3358 2165 3411 lv.
2194 3378 2248 3430 p.
2278 3381 2343 3413 ιο
2374 3361 2486 3433 sqq.

655 3422 803 3489 libri,
841 3424 935 3495 qui
967 3421 1264 3494 inscriptus
1292 3432 1399 3480 est:
1435 3422 1554 3479 Reli
1634 3425 1723 3477 ien
1750 3426 1885 3478 alter
1911 3428 2123 3491 Zeiten,
2159 3429 2341 3483 Sitten
2372 3431 2486 3484 und

648 3492 1007 3563 Meinungen.
1047 3488 1194 3563 Lipfi
1235 3492 1523 3554 sumtibus
1676 3493 1938 3550 ·tknochii
1980 3497 2128 3552 1806.

585 3619 643 3689 (u
654 3617 731 3687 u.)
766 3617 1090 3689 Sagittarius
1118 3617 1154 3671 1.
1184 3635 1232 3671 c.
1258 3636 1312 3691 p.
1347 3639 1464 3691 ¹7¹·
1492 3620 1835 3677 etAntonius
1847 3599 2134 3677 Probus‘l.
2163 3639 2212 3676 c.
2238 3613 2481 3694 monent,

651 3687 761 3742 hoc
788 3705 938 3743 anno
964 3677 1250 3743 MDxxv.
1287 3687 1494 3744 factum
1532 3682 1666 3743 esse.
1840 3707 1845 3715 ·

587 3816 643 3882 (v
656 3815 728 3883 v.)
763 3813 1088 3885 Sagittarius
1116 3814 1404 3869 contendit
1428 3815 1481 3870 1:
1499 3832 1547 3869 c.
1580 3808 1743 3872 fuisse
1771 3814 2016 3880 Jackenii
2042 3815 2286 3872 viduam.
2381 3891 2390 3900 ,

586 3941 655 4010 (w
670 3940 753 4007 w.)
787 3936 1112 3995 Bosseclxius
1126 3941 1159 3993 1.
1189 3959 1236 3995 c.
1265 3960 1322 4014 p.
1348 3940 1491 4008 xm,
1516 3942 1748 3995 Antonii
1780 3940 1956 3994 Probi
1990 3950 2042 3993 et.
2071 3940 2353 4013 Sagittarii
2381 3961 2479 3995 au-

656 4010 968 4067 ctoritatem
1005 4008 1215 4065 secutus
1243 4011 1312 4064 ad
1341 4010 1587 4081 Myconii
1625 4011 1695 4066 de
1723 4009 1910 4066 liberis
1941 4006 2047 4066 suis
2097 4013 2476 4068 narrationem
