2630 4847
204 248 215 256 0
314 204 335 239 o
358 184 369 191 ρ

141 463 444 647 ΞΓπίυῑε
470 456 738 537 affixam
767 454 998 547 eadem
1026 454 1267 559 specie,
1300 454 1410 535 sed
1424 453 1683 561 prorsus
1701 453 1949 539 diversa
1975 334 2126 563 <12⁷-

218 566 393 632 itate.
488 562 664 632 Nam
709 563 778 630 in
827 554 1016 633 fonte
1062 557 1400 633 videbatur
1443 587 1596 633 caro
1623 566 1844 634 omnis
1886 559 2123 637 lucida.

138 662 291 748 „lbi
328 685 485 734 vero
514 659 826 733 membris
859 660 1165 749 omnibus
1203 682 1562 751 exaruerat,
1597 680 1668 734 ut
1714 665 1941 735 omnia
1981 658 2124 735 ossa

141 780 259 849 „et
290 761 590 831 membra
614 755 1230 832 faciledinumerari
1260 754 1547 859 possent,
1595 750 1660 833 et
1694 782 1829 834 erat
1862 758 2123 862 prorfiss

139 865 383 948 „tristis
411 855 720 958 aspectus.
798 855 1018 953 Video
1046 864 1285 932 iterum
1313 881 1531 959 pectus
1557 886 1808 949 meum,
1836 858 2017 961 quod
2047 859 2126 935 fi-

140 960 442 1048 „militer
469 959 639 1033 nihil
669 955 844 1030 aliud
874 980 1027 1047 erat,
1057 986 1250 1059 quam
1282 954 1424 1033 ossa
1452 959 1657 1034 velata
1685 982 1848 1040 cute,
1877 981 1939 1032 et
1972 988 2125 1035 vere

138 1065 306 1149 „vix
344 1060 679 1139 trahebam
713 1053 1007 1157 spiritum
1039 1086 1190 1158 prae
1220 1052 1646 1159 aegritudine.
1743 1061 1841 1132 Ibi
1874 1059 2123 1154 Paulu8‚

138 1160 308 1249 „ille
333 1157 475 1232 dux
507 1170 714 1258 m'eus,
743 1156 958 1257 digito
986 1154 1192 1258 pulsat
1211 1180 1428 1258 pectus
1445 1156 1946 1247 metim,deinde
1973 1187 2128 1260 por·

138 1280 375 1349 „recto
406 1257 623 1333 indice
651 1279 714 1351 et
744 1257 1006 1333 dextera
1039 1257 1121 1331 ad
1151 1263 1514 1347 Christum,
1560 1287 1644 1334 ex
1676 1254 1947 1333 adverso
1976 1281 2125 1333 ante

140 1388 307 1450 „me
334 1357 652 1460 pofitum,
696 1364 782 1433 ita
806 1356 890 1430 ad
925 1387 1039 1434 me
1084 1365 1335 1460 inquit:
1385 1363 1607 1433 Huic
1656 1378 2004 1462 oportet
2047 1380 2125 1434 te
2177 1448 2182 1455 θ

139 1456 655 1552 „conforme
677 1486 760 1534 m·
799 1456 1028 1535 fieri.
1084 1550 1089 1558 ·

345 1679 499 1766 „Ex
550 1679 689 1750 hoe
748 1694 1070 1761 contactu,
1105 1694 1170 1749 et
1221 1678 1336 1749 ista
1389 1682 2023 1779 commonstratione
2061 1699 2125 1751 et

142 1771 513 1867 „sententia
535 1771 771 1855 audita,
795 1774 1067 1874 evigilo,
1088 1797 1152 1849 et
1174 1774 1454 1874 disparet
1483 1783 1701 1853 omnis
1718 1776 1901 1869 viiio,
1931 1779 2122 1865 relin-

143 1904 402 1975 „quens
439 1883 507 1950 in
539 1883 767 1957 animo
795 1877 1120 1951 mirabiles
1171 1882 1643 1975 cogitationes,
1689 1877 1845 1978 quid
1887 1885 2000 1955 ista
2046 1879 2120 1952 ss-

140 1981 259 2067 „bi
305 1978 569 2052 vellent.
609 1996 615 2008 ‘
668 1980 908 2075 Neque
937 2003 1088 2053 cum
1113 1976 1254 2051 ullo
1295 1983 1633 2052 monacho
1665 1979 1970 2057 volebam
2007 2009 2122 2053 un-

138 2102 392 2180 „quam
406 2075 652 2177 aliquid
680 2071 988 2151 conferre
1014 2098 1122 2152 aut
1139 2074 1469 2162 disserere,
1509 2106 1596 2155 ne
1623 2106 1734 2155 me
1760 2080 2119 2155 irriderent.

142 2185 576 2268 „Certissime
607 2184 787 2251 enim
819 2174 1172 2265 videbatur,
1197 2176 1445 2276 aliquid
1478 2184 1704 2279 magni
1733 2181 2119 2281 significare.

143 2283 375 2369 „Deus
405 2305 611 2366 meus,
637 2302 835 2379 quam
866 2276 1084 2355 stultas
1103 2299 1167 2351 et
1198 2304 1457 2376 prorsus
1475 2281 1713 2353 alienas
1747 2285 2120 2380 interpreta-

140 2388 406 2471 „tiones
443 2383 611 2453 mihi
658 2383 769 2452 hic
802 2372 966 2452 feci!
1026 2382 1301 2454 vastam
1326 2406 1621 2460 eremum
1664 2375 2118 2479 scopulorum,

142 2489 265 2569 „in
316 2483 544 2583 quibus
582 2484 950 2566 haeseram,
1004 2480 1462 2579 interpretabar
1505 2478 1860 2560 secularem
1898 2510 2118 2560 meam

143 2603 552 2671 „anteactam
578 2586 801 2653 vitam.
901 2577 1345 2653 Eductionem
1372 2577 1691 2660 faciebam
1714 2582 2116 2682 religionem

142 2686 792 2773 ,franciscanorum
891 2684 1214 2778 Messeni,
1254 2677 1498 2768 fructus
1529 2681 1890 2781 religionis,
1915 2682 2117 2757 serva-
2167 2699 2172 2706 ’

145 2806 299 2876 „tae
326 2811 397 2858 re
447 2782 595 2856 ulae
611 2803 679 2853 et‘
691 2803 1075 2874 statutorum
1094 2803 1370 2878 patrum.
1440 2780 1568 2854 Sed
1592 2782 1822 2868 obstat,
1852 2781 2116 2882 quodin

145 2905 342 2974 „toto
393 2810 663 2960 §omnio
709 2881 965 2956 nullum
1022 2886 1426 2953 monachum
1478 2880 1768 2956 videram
1823 2884 2120 2981 nihilque

143 2990 714 3076 „monasticorum
751 3009 1053 3082 operum.
1152 2987 1402 3054 Verum
1455 2979 1612 3055 dum
1644 2979 1724 3054 ad
1761 2992 2117 3068 monastica
2224 3015 2234 3027 ·

143 3092 520 3176 „institu0r,
547 3087 956 3182 proponitur
981 3082 1227 3180 regula.
1263 3106 1725 3180 proponuntur
1745 3106 1992 3172 statuta,
2021 3114 2117 3158 re-

145 3185 393 3288 „gulae
427 3181 914 3284 declarationes,
946 3180 1474 3280 dispensationes.
1577 3184 1672 3256 Ibi
1707 3209 1853 3257 vere
1883 3183 2120 3259 deveni

144 3296 271 3378 „in
315 3283 644 3357 desertum
685 3304 749 3355 et
792 3281 1083 3362 tentabar
1124 3311 1274 3355 vere
1329 3306 1392 3353 et
1438 3285 1715 3355 vexabar
1750 3311 1785 3353 a
1825 3282 2117 3360 diabolo.

132 3392 286 3477 ··„Et
316 3389 616 3483 comperi
632 3409 963 3483 nusquam
991 3388 1228 3470 minus,
1258 3410 1456 3481 quam
1485 3388 1555 3454 in
1571 3384 1999 3479 religionibus
2027 3391 2120 3462 in-

148 3490 410 3580 „veniri
437 3479 868 3557 conscientiae
892 3481 1447 3581 tranquillitatem,
1497 3480 1947 3556 remisfionem
1976 3512 2123 3586 pec-

145 3581 534 3679 ,‚catorum,
597 3580 802 3656 fidem
854 3603 918 3655 et
964 3579 1146 3682 spem
1190 3588 1357 3655 vitae
1407 3605 1721 3656 aeternae.
1824 3587 1920 3657 lbi
1963 3613 2124 3660 vero

147 3713 336 3785 „ego
369 3681 586 3757 addidi
617 3687 785 3755 mihi
812 3681 930 3783 ipfi
954 3682 1231 3769 labores,
1285 3704 1350 3755 et
1382 3709 1579 3783 opera
1605 3678 2123 3785 supererogatio-

147 3794 325 3877 ,‚nis,
344 3787 574 3884 quibus
605 3801 1102 3883 compensarem
1132 3777 1429 3856 defectus
1471 3780 1772 3857 indebitis
1799 3788 2121 3884 operibus,

144 3884 525 4001 „psalteria,
556 3881 777 3955 missas
803 3886 1233 3983 quotidianas,
1269 3882 1567 3955 electivas
1591 3909 1834 3985 preces,
1864 3891 2121 3979 jejunia,
2175 3902 2179 3908 '
2285 3895 2290 3898 ’

144 3986 452 4078 „luentia
481 4004 601 4060 etc.
632 3983 1018 4091 „Eligebam
1050 4009 1265 4060 novos
1290 4002 1604 4084 patronos
1629 3993 1960 4075 mortuos,
1986 3985 2123 4061 san·
