2630 4847
142 476 619 566 „Joachimica,
637 474 734 566 (in
749 495 962 571 regno
976 474 1331 549 Bohemiae
1346 469 1457 550 sub
1474 479 1718 550 comite
1730 473 2110 572 Schlicki0,)
2192 496 2196 509 ·

143 580 682 670 „concionatoris
749 572 981 649 officio
1010 570 1248 675 fungi.
1362 572 1631 651 Venisse
1667 575 2112 676 postmodum

145 672 282 766 „ad
315 672 385 747 se
417 673 620 747 alium
647 679 1069 763 monachum,
1095 702 1254 750 vero
1279 675 2112 773 nomineFridericum,
2186 750 2204 768 ³

148 780 273 865 „in
313 780 716 851 monasterio
754 795 972 850 autem
1029 779 1452 850 Franciscum
1501 775 1797 866 dictum,
1864 804 1945 850 co
1997 792 2112 851 no·-

148 895 437 960 „mento
466 878 787 949 Mecum
808 930 829 966 ,
881 902 1078 975 quem
1112 880 1536 951 Vinarienses
1568 879 1911 973 Monachi,
1946 804 2116 978 {ire-

150 996 276 1066 „to
312 978 649 1062 Johannis*
671 978 880 1049 Ducis
901 972 1213 1051 mandato
1241 981 1577 1050 Isenacum
1604 973 1918 1072 miserint,
1960 977 2123 1075 inde

149 1072 483 1179 „Lipfiam
509 1074 950 1171 amandatum,
1002 1096 1066 1150 et
1095 1103 1302 1175 porro
1330 1076 1614 1172 jussum,·
1641 1098 1712 1150 ut
1746 1081 2115 1152 Annaeber-

128 1190 360 1275 ',‚gam
406 1181 548 1267 iret,
592 1177 734 1270 (ubi
762 1174 1016 1273 'scilicet
1058 1181 1329 1250 antehac
1366 1204 1519 1252 eum
1557 1174 1754 1251 fuisse
1792 1179 2136 1253 intellexi-⁷

149 1301 350 1368 „mus
370 1278 436 1367 3)
499 1271 610 1348 sed
641 1284 790 1348 cum
824 1273 1370 1375 deprehendisset,
1407 1272 1487 1349 “se
1524 1275 1606 1351 ad
1638 1280 1892 1353 vincula
1934 1277 2116 1353 desti-

132 1381 365 1478 '‚,nari,
414 1372 736 1474 aufugisse
764 1381 836 1448 in
860 1381 1091 1451 itinere
1126 1376 1298 1450 etad
1340 1381 1685 1463 Buschium
1711 1375 1996 1471 venisse,
2034 1380 2114 1451 ab

134 1480 338 1571 '*,‚hoc
377 1478 785 1549 Zuiccaviam
829 1473 961 1549 esse
1000 1473 1270 1556 missum
1307 1485 1484 1551 'e‘tc.“
1533 1490 1534 1493 ’

350 1610 688 1678 Zuiccavia
737 1606 913 1678 brevi
951 1624 1103 1706 post
1119 1600 1321 1686 fisuum
1358 1603 1723 1692 „adventum
1762 1607 2112 1709 epistolam

151 1707 344 1780 illam
390 1705 940 1794 consolatoriam,
1006 1732 1205 1805 quam
1246 1701 1492 1805 saepius
1538 1714 1986 1800 excitavimuS,
2031 1708 2204 1815 adf-

152 1812 743 1884 Annaemontanos
783 1802 983 1894 dedit,
1026 1812 1198 1901 cujus
1231 1802 1487 1911 summa
1532 1811 1698 1914 haec
1729 1829 1844 1882 est.
2095 1804 2120 1833 ⁴

252 1980 289 2033 ,’
354 1969 651 2038 Primum
679 1985 1185 2052 commemorat,
1220 1962 1286 2038 se
1312 1967 1521 2067 probe
1561 1962 1743 2056 scire,
1772 1964 1928 2068 iluid
1955 1994 2117 2066 pon*-

156 2067 395 2140 tificiae
426 2076 714 2137 catervae
747 2067 1216 2139 Annaemontii
1246 2093 1390 2138 non
1414 2062 1631 2140 solum
1664 2066 2121 2149 contra‘semet

152 2165 395 2267 ipsum,
447 2160 558 2236 sed
588 2183 817 2239 contra
848 2191 1080 2238 omnes
1108 2173 1244 2238 veri
1275 2166 1595 2265 evangelii
1618 2189 1940 2240 amatores
1972 2196 2117 2240 mo·
2184 2170 2193 2185 '

157 2268 420 2340 liantur.
516 2266 707 2336 Tum
749 2266 1330 2353 AnnaemontaniS,
1374 2262 1494 2339 sed‘
1513 2295 1664 2340 vere
1688 2290 1961 2368 paterno
1989 2276 2146 2341 ani-⁷

155 2394 302 2457 mo,
341 2370 504 2441 vitio
532 2371 737 2458 vertit,
789 2363 972 2466 quod
995 2372 1065 2440 in
1090 2395 1204 2440 usu
1235 2368 1537 2441 ciborum
1563 2368 1643 2439 ab
1680 2367 1944 2442 ecclesia
1972 2395 2123 2468 pro·

114 2523 123 2530 ,
153 2471 520 2543 hibitorum
559 2485 787 2540 contra
823 2469 1016 2539 verae
1058 2467 1469 2566 evangelicae
1496 2466 1803 2541 libertatis
1825 2468 2007 2568 leges
2042 2471 2120 2541 ab

152 2567 306 2668 ipsa
338 2587 675 2664 peccatum
707 2563 811 2657 fit,
854 2581 1080 2664 utpote
1127 2591 1291 2665 quos
1342 2566 1583 2655 deccat,
1634 2568 1883 2641 Paulini
1914 2576 2122 2643 consi-

154 2672 233 2745 lii
267 2665 412 2742 esse
438 2692 792 2753 memoreS,
843 2665 1022 2765 quod
1054 2674 1125 2738 in
1156 2667 1489 2738 licitorum
1524 2691 1641 2738 usu
1678 2669 2120 2742 infirmiorum
2225 2737 2234 2748 ,

203 2794 428 2867 uoque
453 2763 826 2866 respectum
862 2768 1082 2838 haberi
1117 2772 1352 2864 cupiat,
1400 2792 1602 2863 quum
1639 2766 1927 2866 quidem,
1973 2796 2154 2842 mo·-

155 2798 253 2944 30
283 2861 407 2940 fint
436 2888 609 2942 recta
639 2887 700 2938 et
715 2865 1035 2965 legitima,
1079 2866 1251 2938 licita
1281 2872 1407 2938 sint
1437 2871 1685 2953 omnia,
1733 2895 1875 2940 non
1904 2889 2123 2941 tamen
2153 2875 2156 2876 ⁷

160 2966 522 3070 expediant
547 2963 829 3066 semper,
886 2992 1010 3037 nec
1038 2972 1320 3066 pietatis,
1379 2971 1732 3040 honestatis
1773 2986 1838 3041 et
1879 2974 2122 3043 virtutis

155 3064 372 3144 sensui
399 3071 676 3167 prosint,
725 3085 912 3165 atque
942 3069 1067 3139 'hac
1103 3067 1247 3139 fieri
1287 3073 1560 3154 ratione,
1608 3088 1679 3140 ut
1708 3069 2120 3168 evangelicae

155 3166 321 3245 fidei
354 3170 732 3266 praestantia
773 3167 1258 3241 malevolorum
1307 3168 1668 3265 opprobrio
1713 3189 1773 3262 et
1817 3167 2124 3241 detrecta-

157 3273 335 3343 tioni
389 3285 771 3367 exponatur.
870 3271 1077 3340 Porro
1125 3294 1239 3340 eos
1276 3267 1609 3354 admonet,
1643 3295 1749 3339 -ne
1788 3267 1931 3341 ullo
1961 3293 2123 3365 quo·
2190 3353 2207 3370 ⁸

161 3394 369 3471 quam
399 3363 612 3439 modo
700 3365 1147 3440 ontificiorum
1187 3363 1407 3439 denuo
1447 3364 1695 3465 laqueis
1728 3364 1860 3438 sese
1891 3372 2125 3438 irretiri

160 3474 521 3573 patiantur3
567 3393 694 3539 feti)
710 3466 900 3539 omni
924 3465 1157 3548 'fiducia
1190 3473 1260 3539 in
1289 3464 1417 3539 deo
1449 3485 1640 3565 atque
1681 3469 1829 3554 jesu
1856 3469 2123 3537 Christo

160 3574 377 3672 posita
404 3566 580 3639 firmi
609 3587 915 3654 maneant
938 3562 1276 3640 intuenda
1308 3572 1444 3640 veri
1474 3565 1792 3664 evangelii
1823 3561 2125 3665 professis

160 3697 326 3755 nne,
380 3670 739 3765 omniaque
763 3666 955 3755 mala,
998 3666 1235 3766 quibus
1281 3669 1407 3763 hac
1451 3664 1534 3738 de
1574 3693 1757 3741 causa
1784 3668 1864 3737 ab
1907 3663 2164 3748 πᾶνεμ·

80 3847 81 3850 ¹
130 3761 350 3841 ‘sariis
384 3764 768 3867 affligantur,
823 3786 1191 3842 constanter
1261 3761 1561 3862 'erferantl
1605 3841 1610 3846 ,
1645 3766 1899 3867 Qibus
1930 3763 2127 3852 addit,
2231 3809 2238 3822 ι

116 3915 123 3922 -
165 3867 236 3944 se
289 3863 498 3966 ipsum
544 3888 909 3967 expertum,
961 3893 1158 3967 quam
1209 3793 1498 3942 Siffieilia
1532 3869 1697 3940 haec
1749 3870 1977 3939 omnia
2007 3864 2133 3938 fint

175 3963 540 4057 observatu,
576 3996 697 4043 nec
716 3988 948 4070 ⁴tamen
977 3973 1268 4067 unquam
1313 3964 1696 4047 destitutum
1724 3963 1922 4044 fuisse
1956 3970 2135 4041 auxi-
