2630 4847
575 387 882 511 „gratis
931 422 1008 491 et
1049 420 1407 507 propter
1452 400 1735 494 Deum,
1773 404 1939 479 ‘auti
1985 402 2034 479 fi
2064 403 2414 483 redderent
2439 434 2523 483 ra·

572 516 873 598 „tionem
903 506 1057 579 Deo
1099 500 1187 578 de
1231 500 1527 604 neglecta
1571 506 1831 578 animae
1866 430 2063 579 saline
2161 529 2389 608 ropter
2422 504 2550 583 sex'

570 629 963 696 ‚‚nummos‚
1007 629 1205 705 quam
1235 621 1457 678 tamen
1485 606 1667 677 Deus
1709 624 1773 678 et
1796 629 1964 705 papa
2002 533 2257 702 velfent
2293 612 2524 708 partici-

570 734 773 810 „pem
802 705 946 778 fieri
977 700 1378 778 remissionis
1409 722 1853 804 peccatorum,
1890 730 2087 807 quam
2125 708 2327 781 nobis
2353 711 2523 780 Chri-

568 814 744 897 „stus
777 807 1015 879 meruit
1049 821 1114 875 et
1141 807 1519 903 impertivit,
1561 798 1674 876 sed
1712 822 1935 879 tamen
1971 801 2327 880 credebam
2357 805 2522 879 illam

566 927 820 996 „totam
856 896 1276 978 commissam
1311 896 1450 975 esse
1474 905 1787 976 Romano
1823 903 2123 1004 pontifici
2153 899 2523 981 distriffiten·

568 1005 767 1097 „dam
792 1030 919 1106 pro
940 1005 1195 1077 meritis
1228 999 1639 1101 fingulorum
1666 996 1775 1075 sed
1801 1027 2017 1105 paup
2036 996 2220 1078 erib
2240 991 2328 1079 us
2372 1029 2523 1111 gra·

416 1145 424 1154 ·
460 1174 463 1179 ,
568 1111 750 1197 „tim
848 1107 1182 1208 Qaerunt
1218 1099 1510 1190 tandem,
1559 1128 1598 1175 a
1636 1126 1928 1203 quonam
1981 1100 2190 1177 essem
2239 1107 2373 1179 huc
2398 1098 2522 1179 sub·

565 1199 882 1295 „missust
981 1204 1136 1302 Ego
1169 1203 1307 1275 hoc
1342 1198 1675 1302 respondi,
1727 1198 1907 1300 quod
1937 1202 2360 1286 verissimum
2384 1220 2521 1293 erat,

522 1400 525 1401 ᾗ
565 1330 650 1395 „a
679 1303 868 1397 nullo
899 1325 1167 1401 prorsus
1191 1303 1471 1376 homine
1509 1298 1617 1374 vel
1648 1306 1990 1380 monitore
2037 1302 2147 1376 vel
2174 1302 2521 1405 impulsore

565 1409 754 1496 „imo
796 1427 1010 1501 neque
1051 1399 1428 1474 consultore
1445 1455 1468 1489 ‚
1515 1396 1629 1474 sed
1670 1426 1783 1474 me
1821 1427 2026 1475 vnum
2068 1399 2215 1477 stne
2252 1402 2517 1478 consilio

563 1504 803 1595 „vllius
834 1505 1127 1575 hominis
1166 1496 1343 1575 sola
1377 1496 2178 1601 fiducia‘gratuitae
2231 1505 2516 1577 remis-

562 1601 875 1696 „sionis
898 1606 972 1674 in
994 1599 1194 1676 literis
1224 1595 1580 1701 promissae
1616 1596 1862 1674 fretum
1908 1607 2103 1674 istam
2136 1608 2512 1702 petitionem

561 1694 962 1796 „instituisse
1060 1702 1291 1801 Neque
1331 1701 1497 1772 mihi
1521 1724 1806 1800 vnquam
1851 1725 2003 1774 cum
2046 1708 2242 1777 tantis
2270 1707 2418 1776 viris
2440 1718 2514 1771 ta·
2556 1728 2562 1735 ·

562 1804 745 1895 „lem
772 1795 966 1875 fuisse
992 1794 1438 1899 congressum,
1493 1794 1696 1875 essem
1739 1805 1919 1873 enim
1948 1820 2196 1875 natura·
2225 1806 2512 1876 verecun-

562 1901 751 1995 „dus‚
803 1921 867 1973 et
892 1905 1015 1972 nisi
1041 1895 1172 1971 fitis
1248 1903 1441 1971 ratiae
1455 1900 1582 1971 Dei
1606 1897 2077 1973 etremisfionis'
2106 1909 2510 2001 peccatorum

559 1993 990 2102 „co'e‘gisseng
1014 2021 1160 2071 non
1217 2023 1437 2071 ueram
1464 1995 1710 2100 aliquid
1736 2006 1964 2099 magni
2002 2023 2412 2101 accepturus,
2452 2014 2509 2069 vt

558 2099 687 2195 „ad
715 2098 912 2175 talem
938 2116 1202 2175 coetum
1228 2124 1339 2171 me
1381 2103 1750 2200 jungerem..
1841 2105 2086 2173 Iterum
2125 2107 2508 2201 promittun-

552 2218 705 2295 *„tur
746 2200 969 2274 literae
1009 2217 1264 2301 emptae
1307 2192 1420 2271 sex
1457 2202 1752 2271 nummis
1793 2200 1951 2274 meb
1993 2199 2189 2290 loce,
2253 2222 2317 2274 et
2358 2197 2507 2272 mihi

556 2301 868 2404 „gratis
903 2295 1201 2375 donatae.
1296 2295 1424 2371 Sed
1453 2297 1631 2371 volui
1672 2296 1759 2372 ab
1779 2324 1888 2389 e0,
1930 2304 2043 2401 qui
2074 2303 2344 2374 haberet
2362 2299 2502 2372 loco

553 2410 808 2504 „Papae
828 2400 1284 2475 authoritatem
1312 2394 1611 2473 donandi
1641 2404 1838 2501 gratis
1867 2421 2148 2502 peccata,
2198 2429 2247 2503 g
2265 2416 2379 2475 rat
2398 2399 2501 2471 ui·

556 2525 763 2598 „tam
794 2519 1370 2601 'peecatorum
1446 2526 1815 2573 meorum
1898 2499 2498 2581 remissionem,

510 2693 517 2698 ,
560 2626 712 2698 „aut
726 2629 868 2676 rem
886 2603 1298 2674 committere
1310 2603 1482 2674 Dec.
1497 2603 1603 2671 Sic
1619 2598 1912 2684 dimittor
1929 2620 1991 2673 et
2011 2597 2412 2690 tristabantur
2424 2590 2514 2668 sa?
2553 2683 2558 2684 γ

553 2710 693 2800 „cri
709 2700 904 2777 fures.
924 2697 1053 2773 Sed
1069 2725 1200 2802 ego
1216 2705 1451 2800 partim
1466 2697 2007 2786 dolebam‚nullas
2024 2705 2193 2773 mihi
2210 2689 2500 2797 obtigisse

550 2808 830 2896 „litei-as,
853 2803 1090 2900 partim
1114 2796 1503 2898 gaudebam,
1536 2797 1717 2900 quod
1748 2797 1960 2873 adhuc
1986 2800 2215 2901 aliquis
2247 2796 2401 2874 esset
2436 2798 2497 2864 in
2567 2865 2568 2872 ,

548 2902 793 2995 „coelo
809 2903 1007 2986 Deus,
1037 2905 1150 3000 qui
1179 2899 1376 2972 vellet
1403 2922 1662 2998 peccata
1691 2904 1885 2973 etiam
1917 2927 2041 3000 pro
2081 2899 2276 2973 nullo
2302 2898 2495 3000 pretio

528 3011 707 3096 ⁵„a'ut
732 3004 1008 3100 pecunia
1036 3001 1363 3071 remittere
1388 2997 1869 3097 poenitentibus
1887 3006 2063 3094 juxta
2089 2998 2290 3088 illud,
2333 2987 2495 3099 quod

538 3098 782 3204 „saepe
815 3117 1256 3172 mutaveram:
1297 3102 1486 3170 vivo
1537 3123 1730 3198 ego,
1779 3094 1933 3173 dicit
1967 3102 2326 3187 Dominus,
2363 3120 2493 3169 no·

548 3206 680 3296 „lo
739 3215 1108 3276 mortem
1176 3203 1664 3298 peccatoris
1711 3216 1831 3271 etc.
1943 3199 2241 3272 Domine
2272 3202 2490 3276 Deus,

548 3327 663 3397 „tu
689 3303 886 3387 nosti,
939 3292 1122 3397 quod
1151 3299 1264 3371 hic
1301 3294 1473 3369 nihil
1503 3304 1812 3385 mentior,
1871 3316 2042 3371 totus
2080 3305 2260 3372 enim
2293 3295 2490 3374 adhuc

547 3429 773 3495 „eram
799 3405 871 3472 in
898 3392 1285 3474 densisfimis
1303 3397 1606 3494 tenebi-iS‚
1658 3416 1973 3471 ettamen
1995 3419 2136 3471 tum
2166 3393 2488 3500 digredior

512 3517 515 3520 '
545 3505 670 3595 „ab
697 3501 865 3577 illis.'
941 3500 1039 3569 Ita
1063 3500 1432 3570 commovit
1458 3499 1727 3596 Spiritus
1769 3515 1981 3571 totum
2001 3525 2137 3572 cor
2163 3518 2227 3573 et
2268 3515 2486 3592 corpus

548 3628 820 3695 „meum
836 3599 865 3688 ‚'
925 3595 1204 3699 Spiritus
1266 3593 1381 3668 ille
1423 3613 1566 3669 tuus
1607 3596 1962 3670 illustrator
2004 3620 2069 3672 et
2113 3599 2485 3675 vivificator,

548 3695 964 3796 „consolator
990 3713 1055 3770 et
1079 3714 1452 3778 renovator.
1547 3696 1637 3768 Et
1659 3733 1666 3736 „
1685 3711 1856 3769 totus
1897 3702 1969 3770 in
2019 3697 2372 3773 lachrimas
2423 3696 2484 3764 in

547 3796 928 3894 „redeundo
965 3793 1049 3871 ad
1083 3799 1441 3898 hospitium
1485 3793 1753 3870 volutor
1793 3817 1867 3869 .et
1907 3799 2196 3892 orabam,
2241 3785 2310 3874 {rt
2348 3795 2481 3895 quia

550 3900 696 3994 „illi
737 3901 903 3974 mihi
941 3916 1248 3993 negarent
1288 3900 1604 3998 grati-am„
1633 3911 1902 3995 propter
1947 3893 2274 3972 defectum
2304 3917 2482 3998 pecu·

548 4007 761 4098 „niae,
818 4018 891 4073 tu
922 4002 1055 4076 mei
1084 4001 1382 4074 misertus
1404 4001 1609 4095 gratia
1637 4017 1746 4104 tua,
1766 3997 2124 4075 remitteres
2152 3993 2317 4079 mihi
2346 4016 2480 4100 pec·
