2630 4847
527 328 627 407 28

527 482 737 549 „ctos,
762 458 1100 555 martyres,
1145 466 1488 562 imagineS‚
1516 455 1945 553 confessores,
1976 482 2142 559 quos
2174 453 2495 530 mediato-

529 588 674 646 „res
701 568 1001 635 constitui
1028 569 1197 634 inter
1231 589 1343 634 me
1377 583 1439 635 et
1454 566 1813 646 Christum,
1857 556 1968 634 sed
1996 556 2254 657 semper
2280 563 2494 656 magis

527 656 919 747 „seducebat
940 687 1060 762 per
1087 661 1238 734 illos
1267 684 1476 735 annos
1507 668 1734 762 'paene’
1763 657 2009 761 septem
2039 662 2167 752 (y).
2268 662 2504 730 Totus

526 765 739 847 „mihi
766 760 928 833 liber
957 757 1330 833 scribendus
1363 758 1543 850 esset,
1579 761 1628 834 fi
1650 760 1944 849 sudores,
1981 767 2043 832 vi
2099 761 2258 871 ilias,
2288 783 2496 857 angu-

526 862 714 947 „stias
743 858 1106 932 studiorum
1136 886 1442 933 meorum
1465 862 1996 961 theologicorum
2072 865 2387 958 epingere
2423 862 2495 928 in

524 964 705 1047 „hoc
732 959 1106 1045 labyrintho
1131 959 1394 1033 vellem.
1492 959 1743 1033 Ordine
1774 955 2054 1060 glossavi
2106 981 2170 1032 et
2203 958 2286 1031 ad
2316 955 2493 1030 sum-

529 1058 782 1146 „mulas
822 1058 1054 1131 reduxi
1094 1079 1347 1133 textum
1393 1067 1686 1161 magistri
1724 1058 2206 1146 sententiarum,
2256 1064 2491 1142 noctu,

522 1157 827 1259 „reliquis
874 1162 1214 1234 monachis
1242 1158 1740 1251 dormientibus,
1787 1160 1929 1233 bisa
1963 1163 2292 1258 principio
2319 1157 2401 1229 ad
2420 1155 2496 1226 fi·

528 1283 755 1346 „nem,
783 1284 903 1359 per
926 1285 1159 1330 omnes
1183 1266 1592 1358 quaestiones
1623 1283 1686 1334 et
1703 1259 2492 1332 distinctioneslibrorum

521 1393 564 1453 ,·,
615 1380 864 1431 uatuor.
962 1362 1218 1432 Totam
1246 1364 1499 1433 tertiam
1525 1382 1777 1461 partem
1797 1358 2149 1431 Alexandri
2182 1357 2264 1429 de
2283 1358 2490 1429 Hales

524 1383 652 1547 „de
684 1459 1044 1558 gratia„,de
1073 1466 1371 1555 peccatis,
1430 1463 1730 1559 operibus
1761 1462 1971 1546 bonis,
2011 1454 2316 1558 descripsi
2351 1485 2490 1529 ma-

525 1588 657 1646 „uu
687 1582 834 1632 mea
858 1565 1015 1631 etin
1046 1557 1336 1632 summas
1363 1559 1614 1659 redegi.
1747 1554 1911 1659 Legi
1939 1548 2489 1642 Bonaventurain,

522 1657 940 1745 „Gabrielem
972 1659 1132 1746 Biel,
1174 1677 1243 1732 et
1276 1666 1348 1731 in
1389 1662 1693 1733 omnibus
1725 1661 2137 1760 quaerebam,
2191 1660 2485 1744 ubinam,

522 1758 935 1860 „quaerenda
967 1754 1124 1831 esset
1152 1756 1338 1847 salus,
1363 1761 1472 1833 ubi
1499 1758 1764 1860 figenda
1789 1756 1947 1859 spes;
1994 1757 2130 1858 legi
2149 1764 2347 1831 etiam
2372 1754 2495 1831 ali-'

521 1916 565 1947 .,
617 1879 730 1932 uot
769 1880 1010 1935 veteres
1051 1856 1416 1958 scriptoreS,
1448 1861 1556 1932 ubi
1597 1864 1764 1931 mihi
1795 1866 2189 1960 Augustinus
2215 1865 2283 1931 in
2307 1858 2486 1931 libris

520 1886 647 2047 „ile
678 1966 902 2057 gratia,
959 1958 1043 2031 de
1074 1956 1280 2031 libero
1321 1961 1609 2045 arbitrio,
1660 1958 1743 2032 de
1786 1978 2203 2060 peccatorum
2238 1964 2483 2030 meritis

518 2081 630 2147 „et
652 2060 734 2131 de
760 2063 1167 2147 remissione,
1213 2057 1297 2131 de
1324 2065 1749 2160 cor-ruptione
1791 2080 1857 2133 et
1883 2066 2108 2161 gratia,
2154 2066 2319 2133 item
2359 2057 2486 2130 illi-

517 2187 636 2247 „us
664 2155 1031 2257 psalterium
1063 2165 1230 2232 mire
1259 2159 1568 2260 placebat.
1670 2158 1801 2233 Sed
1851 2158 2392 2234 scholasticorum
2422 2177 2484 2231 et

514 2258 987 2347 „traditionum
1013 2255 1187 2332 feces
1213 2264 1299 2332 ita
1329 2287 1439 2331 me
1466 2280 1998 2349 excoecaverant,
2054 2282 2128 2334 ut
2154 2257 2320 2333 nihil
2350 2287 2487 2332 cer-

515 2367 606 2449 „ti
639 2358 1095 2459 intelligerem,
1144 2385 1339 2461 quam
1369 2386 1476 2433 me
1503 2356 1814 2434 miserum
1845 2360 2313 2452 et‘damnatum
2339 2385 2485 2460 pec-

513 2482 849 2550 „catorem
884 2457 1042 2551 esse,
1084 2462 1387 2534 arborem
1431 2462 1608 2552 mali,
1660 2459 2238 2560 praescindendam
2279 2466 2485 2560 igitur

514 2583 624 2649 „et
653 2567 721 2632 in
751 2566 973 2661 ignem
1006 2560 1417 2633 mittendam.
1449 2562 1454 2567 ’
1518 2567 2002 2635 Constituerant
2027 2590 2140 2634 me
2169 2564 2481 2638 monachi

513 2661 880 2749 „lectorem
903 2688 1187 2749 mensae,
1234 2664 1348 2734 ubi
1377 2687 1509 2760 per
1536 2659 1787 2763 septem
1829 2690 2048 2736 annos>
2084 2662 2283 2736 Biblia
2326 2687 2482 2734 cum

512 2767 1091 2861 „interpretatione
1115 2765 1328 2854 Lyrae
1356 2767 1439 2834 ita
1468 2762 1783 2860 legeram,
1798 2783 1866 2834 ut
1894 2789 1965 2834 ea
1983 2790 2188 2860 paene
2219 2787 2481 2850 memo-

515 2868 715 2950 „riter
756 2859 1010 2933 scirem.
1112 2861 1240 2933 Sed
1289 2883 1468 2934 erant
1509 2867 1740 2934 omnia
1775 2866 1939 2933 mihi
1989 2865 2155 2934 liber
2206 2863 2477 2935 clausus.

511 2964 827 3051 „Tamen
855 2959 1133 3032 libenter
1158 2962 1502 3032 narrabam
1521 2966 1819 3033 historias
1846 2987 2097 3060 patrum
2127 2985 2189 3034 et
2218 2989 2480 3061 regum,

508 3057 667 3152 „sed
697 3085 880 3131 usum
899 3052 1152 3130 n'ullum
1182 3063 1686 3158 cognoscebam,
1705 3059 1823 3133 nist
1849 3063 2151 3159 exempla
2186 3089 2478 3142 morum.

510 3164 862 3256 „Contigit
902 3165 1066 3229 mihi
1098 3159 1191 3245 id,
1241 3160 1421 3258 quod
1464 3159 1953 3256 sanguinifluae,
2000 3168 2111 3261 qui
2153 3158 2265 3233 sub
2310 3169 2477 3245 meis

508 3256 825 3350 „medicis
857 3255 1451 3357 semperthabebam
1479 3259 1783 3347 deterius,
1800 3282 1863 3334 et
1890 3288 2011 3358 pro
2029 3257 2289 3338 sanitate
2311 3267 2478 3360 quo-

511 3357 711 3456 „tidie
747 3364 936 3433 novis
967 3356 1337 3433 vulneribus
1365 3355 1702 3435 sauciabat.
1748 3364 2047 3461 Despero
2066 3359 2330 3434 tandem
2361 3369 2478 3435 eti·

573 3571 658 3644 (y)
692 3569 817 3624 Hoc
844 3569 946 3624 fnit
970 3572 1220 3643 primum
1254 3574 1395 3629 vitae
1441 3576 1776 3630 monasticae
1813 3571 2158 3649 septennium
2200 3593 2376 3659 usque
2401 3577 2476 3635 ad

527 3688 533 3693 .
640 3658 847 3692 annum
879 3643 1009 3708 1517
1043 3641 1096 3693 in
1127 3641 1534 3698 monachorum
1575 3644 1821 3699 tenebris
1867 3654 2172 3718 peractum,
2208 3647 2477 3702 cumane.-

640 3725 771 3760 rum
801 3708 936 3763 illu-d
964 3718 1047 3763 est
1078 3710 1400 3776 insecutum,
1452 3729 1563 3784 quo
1591 3721 1679 3765 tot
1719 3711 2009 3768 laboribus
2046 3714 2206 3785 atque
2243 3717 2476 3786 pericu-

642 3775 709 3828 lis
723 3794 896 3848 usque
911 3777 980 3832 ad
997 3796 1205 3833 annum
1222 3778 1325 3832 Ch.
1344 3784 1491 3835 1524.
1505 3782 1729 3862 jactatus
1746 3792 1828 3836 est
1840 3782 2149 3864 Myconius,
2163 3799 2227 3835 ut.
2240 3799 2359 3837 non
2375 3781 2472 3842 sos-

648 3844 766 3898 lum
793 3845 861 3900 ad
889 3864 1015 3901 eum
1047 3845 1590 3903 servandum-divina
1607 3851 1956 3920 providentia
1986 3869 2111 3905 cum
2144 3854 2257 3917 eius
2288 3854 2472 3905 virtu-

648 3921 701 3964 ie
744 3913 1106 3979 contendisse,
1149 3915 1237 3970 sed
1281 3935 1334 3970 et
1374 3913 1488 3987 ipsa
1531 3918 1981 3977 adversariorum
2021 3920 2102 3973 ira
2142 3921 2198 3973 in
2227 3909 2472 3977 veritatiz

642 3981 799 4055 adyta
827 3981 953 4037 euni
983 3986 1343 4056 praecipitem
1382 3983 1550 4057 egisse
1578 3986 1847 4042 videatur.
